1649 3104
169 223 1144 309 LIBERXXVII.

15 331 260 441 LH1‘c
303 388 446 438 status
473 406 632 438 rerum
662 387 903 456 Hispaniae
938 403 1054 439 erat.
1091 387 1146 437 In
1178 388 1312 438 Italia
1336 408 1523 459 U.c.‹42.

0 457 173 508 {consul
231 457 493 506 Marcellus
520 494 535 517 ‚
597 457 781 522 Salapia
840 476 926 525 per
983 457 1314 524 proditionem
1335 465 1524 509 a.<j.2ic·.

16 524 234 592 recepta,
267 525 554 574 Maroneam
585 527 637 576 &
668 525 826 574 Meles
858 527 918 574 de
943 523 1233 574 Samnitibus
1265 528 1315 573 vi

0 595 154 659 :cepit.
185 592 266 642 Ad
290 595 376 641 tria
398 594 547 642 millia
565 594 769 642 militum
795 594 860 642 ibi
888 593 1141 642 Annibalis
1161 630 1175 650 ,
1210 610 1316 659 quae

0 660 213 728 ipraefidii
233 661 374 709 causa
395 660 551 710 rehem
574 677 706 710 erant
723 699 737 720 ,
777 660 1008 728 oppressa.
1039 661 1244 726 Praeda(
1265 664 1318 712 &

0 729 303 796 ¹aliquantum
343 728 444 792 ejus
477 727 566 777 fuit
603 727 625 795 )
666 730 803 777 militi
854 728 1074 778 concessa
1110 749 1120 778 :
1171 731 1316 778 tritici

0 835 1 842 ,
19 814 210 863 quoque
238 794 316 861 (1)
349 796 552 844 ducenta
573 798 879 864 quadraginta
898 799 1046 846 millia
1066 796 1284 846 modium
1300 834 1314 857 ,

0 867 69 915 1&
94 879 285 913 centum
324 864 496 913 decem
534 865 680 913 millia
720 865 890 913 hordei
918 867 1130 915 inventa.
1166 863 1318 915 Cete-

20 934 122 981 riim
170 949 469 998 nequaquam
517 933 629 981 inde
674 947 859 981 tantum
906 934 1131 1000 gaudium
1184 932 1274 981 fuit
1301 970 1318 991 ,

0 1041 1 1047 ,
20 1014 192 1067 quanta
214 1000 373 1048 clades
393 1003 511 1048 intra
531 1019 711 1067 paucos
731 1001 832 1049 dies
852 1017 1047 1068 accepta
1066 1000 1133 1050 est
1148 1038 1163 1058 ,
1190 1001 1316 1050 haud

0 1091 1 1128 χ
21 1068 188 1135 procul
205 1069 261 1116 ab
281 1068 542 1117 Herdonea
565 1069 697 1117 urbe.
730 1068 897 1118 Castra
913 1070 978 1117 ibi
1006 1068 1098 1119 Cn.
1121 1069 1315 1118 Fulvius
1339 1085 1408 1124 Cn,
1429 1085 1528 1126 Ful..

0 1134 1 1147 ’
21 1134 278 1203 proconsul
300 1136 504 1185 habebat
526 1174 541 1197 ‚
577 1135 659 1202 spe
689 1138 980 1203 recipiundae
1002 1137 1278 1186 Herdoneae
1302 1174 1316 1196 ‚
1332 1149 1421 1186 vius
1461 1147 1510 1187 ab

22 1221 128 1270 quae
162 1202 268 1270 post
299 1202 596 1253 Cannensem
620 1205 806 1254 cladem
840 1205 897 1253 ab
925 1205 1156 1255 Romanis
1187 1204 1313 1254 dese·
1333 1209 1516 1248 Anniba-

23 1285 152 1320 cerat
172 1309 185 1328 ,
215 1289 302 1320 nec
324 1272 436 1321 loco
468 1271 574 1320 satis
610 1287 715 1321 tuto
749 1272 929 1340 posita,
961 1291 1050 1322 nec
1089 1272 1316 1339 praesidiis
1338 1269 1373 1309 li
1407 1272 1530 1310 vietus

22 1337 219 1388 firmata.
256 1339 610 1408 Negligentiam
642 1340 824 1390 insitam
847 1344 1041 1406 ingenio
1067 1342 1201 1391 ducis
1234 1360 1316 1390 au·
1336 1334 1388 1370 ad
1420 1331 1524 1372 Her-

23 1407 166 1473 gebat
184 1405 289 1473 spes
314 1425 398 1467 ea,
431 1409 564 1476 quod
592 1408 751 1458 labare
783 1412 836 1458 iis
867 1409 1097 1457 adversus
1113 1409 1319 1458 Poenum
1337 1394 1520 1438 doneam.

25 1472 172 1524 fidem
207 1474 406 1524 senserat
428 1513 442 1535 ‚
474 1475 757 1541 postquam,
791 1476 979 1542 Salapia
1012 1476 1204 1536 amissa,
1239 1494 1322 1526 ex-

24 1540 198 1591 ceffisse
222 1543 291 1591 his
318 1544 438 1592 locis
467 1545 757 1593 Annibalem
789 1547 835 1593 in
862 1543 1076 1594 Bruttios
1107 1546 1325 1594 auditum

26 1608 113 1660 est.
152 1609 226 1675 (2)
259 1610 327 1660 Ea
361 1615 556 1671 omnia,
587 1613 644 1661 ab
687 1613 953 1662 Herdonea
985 1630 1071 1680 per
1107 1614 1326 1663 occultos

26 1679 229 1727 nuncios
276 1679 431 1728 delata
468 1681 694 1729 Annibali
724 1718 738 1738 ,
786 1680 925 1729 simul
973 1699 1138 1730 curam
1185 1681 1330 1731 sociae

28 1746 293 1795 retinendae
317 1749 443 1796 urbis
464 1787 479 1808 ,
521 1750 572 1799 ἃ
598 1748 730 1815 spem
761 1748 919 1798 fecere
946 1750 1186 1798 incautum
1218 1748 1330 1799 hos-

28 1827 130 1862 tem
164 1815 502 1881 aggrediendi:
537 1818 748 1867 exercitu
781 1817 1010 1883 expedito
1034 1853 1049 1875 ‚
1082 1820 1145 1866 ita
1176 1832 1228 1867 ut
1255 1818 1329 1866 fa·-

27 1898 158 1931 mam
193 1900 346 1950 prope
381 1886 704 1951 praeveniret,
750 1886 935 1952 magnis
989 1885 1235 1935 itineribus
1266 1886 1327 1935 ad

19 1947 342 2000 *Herdoneam
374 1954 625 2003 contendit
647 1989 662 2011 ‚
703 1954 756 2003 &
790 1992 808 2012 ,
850 1972 948 2021 quo
987 1953 1092 2018 plus
1128 1956 1328 2004 terroris

29 2015 151 2066 hosti
181 2017 416 2084 objiceret
438 2060 453 2083 ‚
493 2024 593 2072 acie
632 2020 854 2071 instructa
894 2019 1096 2071 acceffit.
1129 2021 1216 2071 Par
1247 2040 1331 2071 au·

29 2084 167 2135 dacia
192 2086 439 2137 Romanus
458 2129 471 2149 ‚
503 2089 701 2140 confilio
726 2092 778 2141 &
808 2091 991 2138 viribus
1024 2091 1208 2156 impar,
1242 2108 1330 2139 co-

30 2153 122 2217 piis
154 2157 324 2221 raptim
346 2157 524 2207 eduffis
558 2159 788 2209 conflixit.
807 2157 995 2222 Quinta
1022 2158 1148 2226 legio
1169 2159 1220 2209 &
1247 2157 1324 2225 (3)

29 2219 209 2272 smistra
249 2223 320 2274 ala
355 2227 523 2276 acriter
555 2245 764 2295 pugnarn
812 2228 1034 2276 inierunt.
1090 2224 1327 2277 Ceterum

39 2382 46 2389 f
97 2346 114 2374 1
161 2334 349 2376 Ducema
387 2340 645 2394 quadraginta
770 2352 796 2381 2
834 2337 898 2378 Ea
932 2341 1064 2379 omnia
1093 2337 1142 2378 ab
1172 2337 1324 2378 Herdo-

31 2393 166 2434 millia
182 2398 383 2454 modidm]
410 2400 543 2441 Modii
565 2399 642 2442 Pa-
706 2401 809 2454 nea]
849 2402 1011 2444 Vocum
1037 2401 1221 2441 ordinem
1254 2398 1322 2438 se·-

29 2453 211 2514 rifienses
257 2460 306 2500 18
317 2475 446 2513 5000.
488 2464 646 2503 Centum
706 2462 867 2515 quimur
888 2476 1009 2518 quem
1037 2463 1232 2504 exhibent
1258 2473 1323 2501 co-

35 2515 161 2559 decem
186 2522 315 2561 millia
337 2554 348 2570 ,
395 2524 484 2564 sunt
521 2525 646 2565 modii
706 2524 834 2575 dices.

34 2574 172 2621 itidem
195 2583 393 2629 nostrates
424 2588 547 2641 paulo
577 2586 648 2628 mi·
774 2600 793 2641 3
813 2585 978 2637 Simstra
1001 2586 1068 2626 ala
1088 2585 1104 2641 ]
1131 2583 1326 2641 Intellige

0 2702 5 2709 μ
32 2650 112 2684 nus
125 2642 288 2704 84792.
708 2649 869 2703 pedites
890 2648 1040 2693 socios.
