1649 3104
279 118 325 176 L
368 135 390 176 1
434 133 470 176 B
515 134 550 176 E
595 127 635 174 R
718 115 1094 178 XXVIII.
1224 136 1335 198 243

45 212 121 266 ’ἴῃς
146 217 343 283 quidem
367 216 686 266 exaudiretur.
720 214 795 280 (1)
825 213 984 264 Tracti
1013 216 1126 264 inde
1157 215 1216 266 de
1246 235 1345 268 rne-
1366 220 1558 271 U.c.546.

46 285 128 334 dio
160 302 330 334 omnes
352 320 367 344 ‚
404 300 703 352 purgatoque
736 285 848 331 loco
881 284 1006 332 citati
1042 282 1221 333 milites
1256 303 1345 334 no·
1363 278 1562 324 {BC-20⁶·

41 352 261 402 *minatim
312 353 439 419 apud
490 353 706 401 tribunos
754 350 959 399 militum
1005 352 1053 398 in
1098 352 1248 399 verba
1293 353 1344 402 P.

48 417 513 484 Scipionisjurarunt
534 460 544 478 ,
567 418 945 485 stipendiumque
973 415 1048 483 (2)
1080 418 1139 465 ad
1165 436 1345 468 nomen

45 485 238 554 {iugulis
273 487 581 552 persolutum.
610 487 751 535 Hunc
787 485 932 535 finem
968 488 1244 552 exitumque
1279 485 1349 535 se-

47 553 167 604 ditio
201 556 404 604 militum
436 570 595 621 coepta
619 555 745 620 apud
779 551 1047 602 Sucronem
1078 554 1255 602 habuit.

114 621 277 672 XXX.
314 623 403 672 Per
435 623 565 670 idem
600 636 790 687 tempus
831 622 890 670 ad
929 621 1098 669 Baetim
1138 620 1340 670 fluvium
1406 643 1566 692 Hamas

44 684 219 739 Hanno
267 689 513 757 praefecsius
555 689 810 757 Magonis,
850 687 1008 737 misius
1055 705 1081 736 a
1124 686 1341 738 Gadibus
1359 681 1555 760 pra-fiflrm

45 775 154 807 cum
191 775 336 823 parva
367 774 510 806 manu
546 755 805 815 Afrorum3
843 756 1072 805 mercede
1102 755 1341 823 Hispanos
1364 767 1555 825 Magonis

45 824 372 886 sollicitando,
407 825 465 874 ad
495 839 699 890 quatuor
735 824 880 872 millia
915 822 1149 890 juvenum
1175 841 1336 873 arma·
1358 832 1556 875 astam-cio

45 895 149 944 vit:
186 891 345 941 castris
379 893 554 941 deinde
589 907 757 941 exutus
788 891 847 939 ab
886 891 937 940 L.
977 890 1165 940 Marcio
1187 929 1200 951 ‚
1232 889 1481 946 ma-fizfics.

43 958 173 1010 xima
216 975 349 1027 parte
385 960 588 1009 militum
628 962 752 1009 inter
791 959 1047 1007 tumultum
1089 974 1346 1026 captorum

42 1027 304 1078 castrorum
330 1067 343 1089 ‚
391 1027 669 1095 quibusdam
719 1028 862 1075 etiam
902 1030 947 1074 in
987 1026 1097 1094 fuga
1136 1026 1340 1088 amiffis‚

44 1095 228 1163 palatos
274 1095 591 1162 persequente
632 1096 828 1161 equite,
882 1111 990 1142 cum
1032 1096 1191 1160 paucis
1240 1095 1338 1162 ipse

25 1162 227 1228 ‘effugin
262 1163 396 1212 Dum
432 1167 531 1212 haec
559 1163 617 1211 ad
652 1164 823 1213 Baetim
851 1163 1049 1211 fluvium
1082 1177 1338 1229 geruntur,

44 1229 218 1280 Laelius
263 1232 451 1279 interim
496 1230 622 1279 freto
666 1232 713 1278 in
752 1229 1008 1278 Oceanum
1045 1229 1237 1278 eveSius
1277 1231 1338 1280 ad

45 1294 288 1353 Carteiam
317 1299 453 1348 classe
481 1297 680 1347 acceffit.
710 1298 837 1346 Urbs
870 1315 924 1347 ea
947 1299 995 1345 in
1029 1315 1113 1347 ora
1149 1296 1339 1348 Oceani

45 1364 129 1416 fita
164 1364 262 1424 est,
306 1368 386 1416 ubi
425 1368 632 1431 primum
668 1384 693 1415 e
729 1365 941 1414 faucibus
982 1364 1185 1431 angustis
1225 1384 1340 1432 pan·

45 1433 173 1484 ditur
199 1450 343 1483 mare.
374 1435 451 1500 (3)
478 1432 671 1494 Gades,
701 1432 796 1483 fine
822 1435 1079 1482 certamine
1097 1471 1109 1489 ,
1139 1451 1225 1499 per
1252 1434 1340 1482 de-

42 1500 280 1551 ditionem
314 1503 575 1568 recipiendi
598 1540 611 1561 ‚
642 1504 766 1551 ultro
804 1503 883 1567 qui
918 1518 1022 1550 eam
1059 1517 1160 1550 rem
1199 1501 1341 1567 polli-

39 1585 268 1619 cerentur
303 1572 351 1618 in
379 1569 523 1619 castra
556 1570 702 1619 Rom.
729 1569 1033 1618 venientibus
1056 1605 1072 1630 ,
1111 1566 1216 1634 spes
1239 1604 1253 1628 ,
1283 1567 1341 1617 fi-

42 1651 124 1686 cut
146 1638 253 1686 ante
274 1637 452 1688 difium
483 1637 549 1686 est
572 1675 584 1697 ,
618 1638 766 1686 fuerat
791 1656 801 1685 ε
827 1635 1059 1703 patefaciat
1085 1636 1338 1686 immatura

46 1706 261 1771 proditio
302 1704 370 1754 est
400 1743 415 1765 ,
455 1704 922 1773 comprehensosque
972 1720 1141 1753 omnes
1186 1703 1336 1771 Mago

41 1770 307 1822 Adherbali
364 1776 554 1839 praetori
611 1772 953 1841 Carthaginem
1020 1771 1338 1822 devehendos

39 1840 202 1905 tradit.
246 1840 493 1890 Adherbal
543 1840 798 1905 conjuratis
846 1843 893 1889 in
940 1841 1337 1907 quinqueremem
1396 1867 1399 1869 >

43 1906 301 1974 impositis,
335 1908 671 1975 praemissaque
708 1909 799 1966 ea,
832 1909 939 1975 quia
976 1908 1158 1955 tardior
1194 1906 1337 1974 quam

41 1970 247 2025 tiiremis
288 1991 419 2032 erat,
462 1976 560 2043 ipse
608 1994 717 2026 cum
761 1976 871 2026 οξὶο
919 1975 1188 2024 triremibus
1225 1993 1335 2024 mo-
1408 1963 1552 2037 Adhe'·

41 2042 153 2092 dico
197 2043 449 2093 intervallo
492 2043 716 2111 sequitur.
768 2043 873 2093 Jam
910 2041 1087 2092 fretum
1129 2042 1334 2092 intrabat
1354 2025 1472 2127 {altf-
1514 2030 1551 2070 ε’

40 2112 432 2178 quinqueremis,
473 2129 620 2178 quum
663 2112 833 2161 Laelius
881 2112 932 2161 &
966 2109 1066 2177 ipse
1107 2111 1153 2158 in
1188 2112 1334 2177 quin·
1390 2091 1554 2161 aelzzpfc·

241 2181 250 2190 ι
699 2184 707 2192 ι
992 2180 1001 2188 ,
1352 2165 1431 2207 gna
1446 2156 1558 2208 incp-

38 2195 254 2251 querem1
292 2196 320 2228 e
364 2193 508 2246 portu
550 2178 753 2230 Carteiae
792 2177 1096 2246 sequentibus
1149 2177 1331 2245 septem
1348 2213 1535 2270 μί’-«ξω.

107 2295 127 2324 1
171 2279 298 2321 Traeli
326 2282 417 2320 inda
448 2283 494 2320 de
529 2281 657 2320 medio
780 2295 809 2332 4
842 2281 1018 2331 Gades..
1038 2312 1049 2322 .
1074 2296 1144 2336 per
1169 2282 1337 2321 deditio-

37 2357 171 2390 omnes
199 2343 216 2396 ]
247 2343 390 2383 Tracta
416 2343 562 2383 deinde
605 2343 656 2383 de
719 2358 803 2383 nem
837 2345 1076 2399 reeipiendi]
1107 2344 1165 2383 Ita
1200 2343 1337 2396 scripti

40 2405 183 2447 medio
213 2418 359 2445 eorum
386 2405 562 2445 omnium
588 2405 657 2459 qui
720 2404 810 2446 fere
856 2420 999 2447 omnes
1025 2437 1037 2456 ,
1087 2405 1128 2447 ὅ(
1166 2400 1337 2447 {tereres

41 2466 174 2510 securi
195 2464 366 2522 percuffi
385 2466 548 2507 fuerant
565 2480 659 2508 cor·
721 2467 821 2507 editi
843 2499 854 2517 ‚
877 2482 951 2521 pro
970 2469 1135 2522 vulgato
1146 2467 1341 2521 proaez'itio-¹

44 2541 161 2587 pora.
718 2542 767 2569 ne
791 2530 1017 2586 recipiendi.

109 2603 134 2630 2
167 2588 233 2629 Ad
261 2592 428 2645 nomen]
455 2588 514 2630 Ut
546 2587 658 2644 quis-

44 2663 125 2710 que
159 2651 208 2693 ad
240 2665 394 2699 nomeu
424 2652 537 2700 suum
570 2651 858 2708 responderat.

1027 2704 1145 2780 212
