1649 3104
110 176 317 186 “--.-

226 255 330 322 ΧῙ.,
374 256 401 323 I
447 255 497 323 B
546 257 598 325 E
645 254 709 322 R
798 254 867 325 X
908 256 975 324 X
1011 257 1101 327 X.

55 339 237 451 CN.
274 400 502 451 Servilius
537 402 742 470 Caepio,
789 404 839 454 δε
873 402 932 453 C.
974 402 1206 454 Servilius
1243 404 1346 455 Ge·
1363 408 1557 461 U.c.549.

48 471 208 518 minus
265 470 483 519 consules
540 470 560 538 (
593 472 749 520 sextus
819 472 1033 521 decimus
1092 475 1129 520 is
1196 490 1344 521 annus
1365 465 1556 516 a.C.203.

47 535 162 586 belli
216 537 378 586 Punici
428 540 580 604 erat)
640 558 788 606 quum
843 540 903 588 de
964 558 1014 588 re
1054 575 1064 585 .
1116 540 1346 607 belloque
1461 596 1471 609 Ι

51 605 105 657 &
171 606 434 671 provinciis
487 606 544 654 ad
603 605 813 655 senatum
868 559 1124 657 retulisient
1163 645 1177 666 ,
1235 626 1345 656 cen-
1378 620 1553 662 Provin-

45 670 237 722 suerunt
274 674 432 721 Patres
456 712 468 731 ‚
507 688 556 721 ut
598 673 814 723 consules
851 674 975 723 inter
1017 674 1063 724 se
1104 686 1446 741 compara-cix.

48 755 156 789 rent
210 739 552 790 sortirenturve
595 780 609 800 ‚
676 758 780 790 uter
841 740 1055 792 Bruttios
1116 743 1346 792 adversus

44 809 339 859 Annibalem
365 847 378 867 ‚
411 825 518 857 uter
549 806 786 857 Etruriam
825 828 878 857 ac
913 811 1108 876 Ligures
1146 813 1348 876 provin-

43 876 168 926 ciam
207 875 402 925 haberet
438 894 448 923 z
489 879 562 924 cui
599 875 770 925 Bruttii
817 877 1116 937 evenissent,
1159 880 1346 927 exerci-

41 956 147 992 tum
183 962 208 992 a
244 944 291 993 P.
321 943 613 1010 Sempronio
652 946 905 1010 acciperet.
946 945 992 994 P.
1027 943 1341 1012 Sempronius

41 1010 131 1078 (ei
169 1030 363 1078 quoque
404 1013 531 1059 enirn
571 1010 844 1075 proconsuli
888 1014 950 1061 im
993 1017 1141 1062 eriurn
1183 1015 1229 1061 in
1261 1032 1343 1063 an-

39 1096 156 1128 num
200 1079 587 1147 prorogabatur)
625 1080 673 1129 P.
716 1080 901 1129 Licinio
945 1033 1255 1130 fficcederet:
1301 1083 1338 1131 is
1377 1090 1552 1136 Laus?-

17 1146 252 1196 'Romam
287 1162 610 1196 reverteretur
634 1187 646 1208 ,
676 1147 804 1196 bello
841 1165 1037 1215 quoque
1067 1149 1223 1198 bonus
1252 1149 1338 1199 ha-
1356 1154 1523 1199 Licinii.

40 1215 193 1273 bitus,
229 1215 305 1282 (1)
334 1215 391 1263 ad
431 1231 619 1271 cetera,
657 1216 827 1282 quibus
865 1233 1012 1264 nemo
1049 1216 1105 1264 ea
1143 1232 1341 1284 tempe-

44 1279 162 1332 state
195 1281 461 1331 instruffior
490 1284 607 1332 civis
634 1282 926 1344 habebatur,
961 1284 1197 1351 congestis
1233 1302 1343 1334 om-

41 1352 181 1400 nibus
209 1351 424 1399 humanis
461 1368 487 1398 a
521 1365 686 1399 natura
716 1349 1004 1417 fortunaque
1038 1353 1197 1401 boniS.
1236 1354 1345 1403 No·

42 1418 152 1468 bilis
182 1419 311 1468 idem
339 1437 391 1467 ac
423 1418 561 1467 dives
589 1433 717 1467 erat:
750 1418 908 1467 forma
935 1420 1206 1487 viribusque
1234 1440 1348 1470 con-

41 1488 176 1554 poris
208 1486 489 1536 excellebat.
521 1485 890 1536 Facundiffimus
925 1487 1224 1548 habebatur,
1263 1488 1347 1539 seu

41 1554 180 1604 causa
214 1555 422 1606 oranda,
458 1554 535 1603 seu
567 1555 615 1602 in
650 1554 840 1613 senatu,
877 1555 937 1604 acl
966 1557 1201 1621 populum
1237 1555 1348 1605 sua-2

42 1623 190 1671 dendi
222 1640 274 1670 ac
304 1621 599 1671 dissuadendi
632 1623 765 1671 locus
800 1621 943 1672 effet:
974 1623 1053 1688 (2)
1078 1622 1191 1688 juris
1223 1643 1349 1690 pon·

40 1689 179 1738 tificii
203 1688 517 1757 peritiffimus.
539 1689 690 1756 Super
704 1692 827 1748 haec,
854 1691 1345 1760 (33bellicae‘quoque

41 1757 194 1807 laudis
231 1757 498 1807 consulatus
533 1773 813 1823 compotem
867 1759 1062 1808 fecerat.
1098 1758 1254 1824 Quod
1293 1763 1344 1809 in

24 1825 232 1891 'Bruttiis
265 1828 514 1893 provincia
538 1865 548 1885 ‚
590 1827 720 1874 idem
760 1828 807 1874 in
841 1825 1026 1875 Etruria
1061 1846 1114 1875 ac
1157 1827 1348 1896 Liguri-

38 1893 127 1943 bus
165 1894 430 1944 decretum.
465 1894 536 1943 Μ.
575 1892 830 1943 Cornelius
867 1912 1002 1944 novo
1034 1894 1219 1944 consuli
1249 1909 1346 1945 tra-

43 1962 158 2012 dere
197 1964 462 2011 exercitum
500 1961 678 2026 juffus:
726 1961 856 2029 ipse,
894 1978 1154 2030 prorogato
1192 1965 1354 2030 impe⁸

43 2031 144 2090 rio,
178 2029 388 2080 Galliam
426 2031 731 2097 provinciam
781 2030 999 2080 obtinere
1034 2049 1147 2079 curn
1190 2031 1350 2099 legio-

42 2099 181 2148 nibus
220 2100 313 2156 iis,
363 2115 479 2165 quas
530 2112 706 2164 praetor
755 2098 810 2149 L.
859 2096 1138 2149 Scribonius
1186 2103 1350 2168 priore

105 2250 123 2279 1
150 2234 219 2277 Ad
235 2239 392 2292 cetera]
413 2237 569 2278 Praeter
590 2249 658 2276 ce·
721 2235 890 2277 daturin
903 2251 954 2278 eo
971 2235 1231 2291 peritiajuris
1244 2251 1353 2292 pon-

39 2305 148 2338 teras
177 2299 315 2339 laudes
350 2299 391 2339 &
419 2308 657 2338 ornamenta
723 2298 854 2338 tificii.

35 2361 183 2415 quibus
223 2360 276 2400 ita
316 2362 541 2400 abundabat
561 2392 572 2409 ‚
613 2369 659 2400 ut
787 2371 805 2411 3
839 2359 999 2408 Bellicae
1031 2374 1175 2414 quoque
1208 2358 1344 2399 laudis

39 2435 162 2462 nemo
188 2422 236 2462 iis
258 2421 483 2461 instructior
501 2436 573 2475 per
591 2422 658 2462 illa
722 2421 950 2474 conficlatns
988 2434 1201 2475 compotem
1234 2419 1347 2473 fice-

39 2490 226 2538 tempora
262 2484 359 2523 civis
393 2484 629 2524 haberetur.
722 2486 812 2538 rat]
841 2483 1089 2524 Consulatus
1120 2483 1156 2522 ei
1174 2483 1348 2522 dederat

84 2557 131 2586 .2
152 2545 258 2586 Iuris
285 2544 483 2599 pontificii
505 2545 660 2600 peritis·
726 2545 979 2585 occasionem
1022 2545 1180 2584 bellicae
1217 2543 1348 2584 laudis

35 2605 189 2660 fimus]
231 2606 424 2648 Pontifex
467 2608 664 2647 maximus
726 2606 962 2659 adjiciendae
992 2606 1039 2644 ad
1063 2615 1223 2648 ceteras
1253 2604 1352 2661 quiq

43 2665 91 2712 P.
119 2667 298 2713 Licinius
320 2679 422 2713 erat.
450 2668 549 2713 Ideo
573 2671 664 2712 lau·
728 2672 804 2711 bus
820 2667 1032 2710 instrwstus
1050 2677 1154 2712 erat.

1018 2726 1125 2779 Pv
