1649 3104
346 113 702 171 Ltntn
785 113 1074 171 XXIX.
1246 130 1362 189 297

57 219 254 279 Jgamum
289 208 346 262 ad
380 231 540 280 regem
575 225 826 259 venerunt.
860 210 901 258 ls
935 213 1117 278 legatos
1154 213 1360 261 comiter
1383 197 1577 293 “⁶5⁴2ss

57 294 286 346 'acceptos
329 280 643 330 Pessinuntem
697 280 744 326 in
805 277 1062 344 Phrygiam
1124 262 1580 352 dedintit3²hD²a⁹tZ¹¹⁶

60 345 339 415 sacrumque
358 352 412 397 iis
440 348 517 415 (9)
542 347 750 414 lapidem
770 383 784 405 ‚
809 364 953 412 quam
977 346 1185 395 Matrem
1207 346 1357 399 ,deam
1380 372 1521 429 legatis

59 414 235 463 incolae
282 415 372 465 effe
420 414 678 474 dicebant,
722 414 950 472 tradidit,
1002 432 1055 462 ac
1105 415 1359 479 deportare
1377 433 1516 487 lapis,

62 481 272 532 Romam
301 483 439 548 jnffit.
466 481 731 531 Praemissus
756 484 813 531 ab
848 482 1012 549 legatis
1045 480 1119 530 M.
1141 482 1362 531 Valerius
1380 509 1496 548 quam

62 548 200 600 Falto
250 554 492 600 nunciavit
536 551 677 599 deam
723 551 998 616 apportari:
1050 550 1362 617 quaerendum
1381 556 1558 596 Matrem

65 618 222 666 virum
258 623 497 685 optimum
536 620 583 665 in
623 621 814 667 civitate
854 615 947 666 esse
969 655 984 678 ‚
1020 619 1102 683 qui
1133 635 1236 665 eam
1271 619 1361 665 rite
1380 617 1489 656 deam
1507 632 1579 658 m·

63 684 268 751 hospitio
317 690 569 752 exciperet.
616 686 687 750 Q.
739 685 962 734 Caecilius
1013 685 1242 735 Metellus
1288 686 1364 733 di-
1383 677 1545 722 cabant.

66 752 215 801 &ator
248 755 307 802 ab
342 755 533 803 consule
567 757 615 801 in
651 753 841 802 Bruttiis
875 755 1183 804 comitiorum
1223 754 1365 802 causa

63 820 210 870 diuus
246 859 259 879 ‚
307 821 636 888 exercitusque
682 819 783 883 ejus
837 819 1090 870 dimissus:
1140 819 1365 888 magister

62 891 278 955 equitum
326 890 382 939 L.
416 890 647 939 Veturius
695 888 849 937 Philo.
899 887 1113 938 Comitia
1164 906 1248 955 per
1293 889 1362 938 di·
1382 895 1569 945 Comitia·

63 955 290 1006 &arerem
338 959 513 1006 habita.
564 955 802 1005 Consules
839 955 945 1004 faffi
990 956 1061 1006 M.
1106 954 1364 1007 Cornelius

62 1022 306 1092 Cethegus
323 1064 338 1086 ‚
359 1026 439 1092 (1)
462 1027 506 1074 P.
530 1024 840 1088 Sempronius
865 1022 1136 1072 Tuditanus
1168 1024 1369 1088 absens,

61 1109 212 1158 quum
256 1096 553 1158 provinciam
593 1091 833 1140 (Jraeciam
873 1092 1087 1142 haberet.
1129 1093 1369 1144 Praetores

62 1159 178 1209 inde
221 1164 400 1219 creati,
444 1160 523 1210 Ti.
562 1156 792 1208 Claudius
839 1159 1003 1216 Nem,
1044 1159 1119 1210 M.
1152 1161 1367 1213 Marcius

62 1226 201 1276 Ralla
226 1265 239 1285 ‚
269 1228 320 1277 L
355 1228 630 1278 Scribonius
659 1227 809 1280 Libo.
839 1227 911 1276 M.
940 1226 1237 1295 Pomponius
1263 1230 1376 1280 Ma-

62 1294 164 1344 tho.
202 1294 427 1345 Comitiis
462 1295 659 1362 peraffis
684 1333 696 1353 ,
733 1294 931 1344 dielator
965 1295 1061 1345 sese
1095 1295 1371 1364 magistratu

63 1362 323 1414 abdicavit.
374 1364 496 1419 Ludi
541 1364 748 1413 Romani
797 1378 868 1411 ter
901 1400 914 1422 ‚
969 1364 1149 1427 plebeii
1195 1365 1370 1430 septies

61 1429 321 1481 instaurati.
355 1431 561 1482 Curules
589 1447 721 1480 erant
747 1431 907 1480 aediles
943 1430 1037 1481 Cn.
1072 1433 1124 1482 ὅ(
1154 1431 1207 1481 L.
1239 1431 1370 1484 Cor-

62 1499 179 1547 nelii
238 1500 444 1550 Lentuli.
503 1500 675 1550 Lucius
729 1497 1003 1563 Hispaniam
1063 1502 1370 1566 provinciam

63 1566 272 1616 habebat
303 1587 312 1615 :
349 1567 513 1617 absens
541 1582 723 1616 creatus
742 1604 757 1624 ,
788 1565 951 1616 absens
989 1584 1099 1617 eum
1129 1568 1370 1618 honorem

62 1633 216 1702 geffit.
252 1634 334 1684 Ti.
370 1634 603 1685 Claudius
638 1634 828 1684 Asellus
861 1636 914 1685 &
943 1635 1017 1684 M.
1051 1636 1215 1685 Junius
1252 1636 1372 1687 Pen-

64 1719 155 1752 nus
193 1703 370 1770 plebeii
411 1703 574 1753 aediles
611 1701 814 1752 fuerunt.
845 1702 1023 1751 AEdem
1062 1703 1265 1753 Virtutis
1309 1722 1371 1756 eo

60 1787 188 1820 anno
226 1772 284 1819 ad
320 1785 512 1838 portam
544 1769 789 1837 Capenam
827 1769 898 1820 M.
934 1771 1194 1821 Marcellus
1231 1773 1375 1822 dedi-

61 1839 225 1898 cavit,
263 1837 663 1906 septimodecimo
701 1856 828 1888 anno
878 1838 1131 1904 postquam
1171 1859 1197 1888 a
1236 1856 1372 1905 patre

65 1904 167 1969 ejus
201 1908 360 1974 primo
397 1906 640 1957 consulatu
675 1921 792 1956 vota
822 1907 871 1954 in
903 1905 1062 1956 Gallia
1096 1908 1157 1957 ad
1189 1906 1368 1958 Clasti-

65 1974 202 2024 dium
246 1974 414 2025 fuerat.
455 1975 513 2024 Et
553 1976 731 2024 flamen
767 1973 1003 2024 Martialis
1039 1993 1101 2026 eo
1133 1993 1262 2028 anno
1299 1976 1367 2028 est
1438 1959 1586 2008 ΑΜΕ

63 2058 283 2093 mortuus
319 2043 391 2093 M.
421 2043 642 2093 AEmilius
666 2042 900 2109 Regillus.
1376 2036 1515 2078 pacem

134 2109 263 2159 XII.
317 2110 558 2178 Negle&ae
612 2130 672 2160 eo
714 2110 911 2160 biennio
956 2128 1030 2160 res
1079 2112 1129 2162 in
1177 2099 1468 2164 Graeciacum
1492 2086 1584 2129 Phe·-

64 2193 198 2228 erant
227 2199 237 2228 :
266 2180 427 2246 itaque
457 2178 700 2247 Philippus
726 2179 917 2228 AEtolos
951 2178 1027 2247 (2)
1063 2180 1279 2231 desertos
1309 2184 1370 2234 ab
1383 2147 1584 2255 fizsszfi'

132 2349 156 2387 9
171 2332 386 2390 Lapidem]
403 2349 514 2389 quam
530 2347 688 2376 matrem
753 2337 856 2375 ciam
870 2333 1048 2390 liaberet]
1066 2335 1210 2377 Missus
1224 2336 1268 2378 P.
1281 2338 1376 2379 Sul-

70 2395 181 2434 dfim
201 2396 218 2448 ]
256 2396 365 2436 Vide
401 2396 544 2439 XXIV
568 2428 578 2447 ,
616 2410 689 2448 42.
754 2398 864 2450 picio
890 2397 1113 2448 successor,
1134 2408 1180 2439 ut
1197 2399 1377 2443 habetur

69 2457 218 2497 Simile
236 2457 431 2512 loquendi
445 2460 692 2511 exemplum,
756 2473 793 2501 c.
816 2459 901 2512 seq.

70 2519 347 2573 oppidumquae
361 2518 474 2572 causta
487 2519 580 2559 belli
592 2519 693 2573 effac.
820 2534 845 2561 2
865 2519 1051 2571 Deſszrtos
1077 2520 1123 2559 ab
1146 2520 1376 2578 Romanis]

139 2592 156 2621 1
182 2577 232 2620 P.
257 2581 507 2635 Sempronius
531 2580 716 2639 Tuditas
758 2581 820 2622 Ita
843 2595 893 2621 ex
910 2582 1029 2621 variis
1046 2580 1129 2622 mss'.
1148 2597 1221 2635 pro
1236 2586 1383 2641 vulga-⁴

70 2653 175 2685 nus..
197 2657 308 2698 quum
323 2646 569 2699 provinciam
588 2643 696 2687 Grae·
757 2653 803 2686 to
820 2642 985 2696 desertos
1000 2642 1047 2681 ab
1062 2642 1261 2688 Romano.

985 2701 1108 2754 ΝΥ
