1649 3104
71 183 291 254 U”5455

73 245 222 285 a.(.20

289 106 399 166 182
700 107 1189 167 T.L1v11

295 208 491 285 tinere3
531 205 666 274 quod
702 206 826 276 fugae
861 206 1013 256 simile
1057 221 1190 272 erat,
1233 204 1380 255 castra
1416 204 1584 258 metari

256 274 453 324 ’Poenus
480 294 528 323 m
567 277 755 325 tumulo
789 275 928 341 super
960 276 1167 324 fluminis
1200 276 1352 341 ripam
1393 274 1581 336 vellet;

277 343 476 392 advenit
519 344 682 394 Livius
726 345 947 410 peditum
989 343 1215 392 omnibus
1255 343 1408 408 copiis
1432 378 1446 401 ,
1485 360 1583 392 non

279 413 466 461 itineris
500 413 685 472 modo,
722 411 804 461 sed
839 412 900 461 ad
941 411 1295 461 conserendum
1333 410 1600 476 extemplo-

283 482 511 547 proelium
547 480 778 530 instruflis
824 479 1122 547 armatisque.
1174 478 1270 528 Sed
1298 478 1379 527 ubi
1414 495 1584 528 omnes

280 551 445 614 copias
494 549 891 615 conjunxerunt,
948 548 1224 615 direGlaque
1282 549 1408 596 acies
1467 545 1535 594 est
1565 583 1583 607 ,

267 616 509 667 'Claudius
547 619 718 667 dextro
768 620 817 666 in
859 636 1041 679 cornu,
1089 616 1254 665 Livius
1296 616 1354 663 ab
1396 612 1579 662 sinistro

275 703 484 752 pugnam
526 686 748 734 instruit:
791 688 951 735 media
986 688 1111 735 acies
1155 686 1352 751 praetori
1400 683 1603 733 tuenda<

275 754 428 803 datur.
467 754 706 804 Asdrubal
747 755 924 808 omissa=
967 755 1236 803 munitione
1281 749 1583 810 castrorum,-

276 822 530 889 postquam
586 824 899 890 pugnandum
948 824 1115 882 vidit,
1177 824 1226 870 in
1276 824 1432 888 prima
1477 821 1632 869 acie'

278 908 393 940 ante
423 890 552 958 signa
586 892 868 957 elephantos
902 892 1109 940 collocat
1136 909 1145 938 τ
1184 892 1309 938 circa
1341 907 1424 939 eos
1457 889 1606 953 laevor

278 961 326 1006 in
366 977 517 1007 cornu
560 960 791 1009 adversus
831 959 1091 1010 Claudium
1131 957 1300 1007 Gallos
1344 958 1586 1024 opponit,

280 1027 407 1074 haud
439 1029 622 1077 tantum
661 1030 729 1077 eis
756 1027 945 1088 fidens»,
988 1030 1220 1095 quantum
1245 1026 1305 1075 ab
1348 1025 1484 1075 hoste
1522 1026 1588 1073 ti·-

278 1096 400 1144 meri
437 1112 522 1145 eos
551 1097 811 1146 credebat:
849 1095 949 1163 ipse
981 1098 1206 1145 dextrum
1230 1112 1382 1144 cornu
1406 1095 1586 1143 adver-

281 1165 360 1212 sus
392 1162 464 1211 M.
492 1164 685 1214 Livium
713 1164 798 1214 fibi
829 1182 971 1232 atque
1010 1164 1232 1231 Hispanis
1270 1160 1361 1229 (&
1387 1164 1455 1212 ibi
1486 1180 1586 1211 ma-

282 1232 410 1279 xime
441 1233 489 1280 in
519 1249 690 1282 vetere
728 1234 878 1283 milite
911 1233 1046 1301 spem
1082 1231 1327 1296 habebat)
1378 1230 1587 1296 sumpsit.

281 1299 482 1367 ligures
530 1302 579 1349 in
611 1302 778 1351 medio
818 1300 926 1369 post
969 1303 1254 1367 elephantos
1289 1298 1467 1366 pofiti:
1505 1298 1587 1348 sed
1627 1304 1630 1305 ⁷

280 1369 475 1436 longior
514 1370 661 1436 quam
692 1371 832 1419 latior
869 1372 994 1419 acies
1035 1385 1149 1418 erat.
1187 1366 1360 1417 Gallos
1402 1368 1588 1435 promi-

283 1454 402 1486 nens
439 1438 577 1487 collis
609 1440 820 1506 tegebat.
854 1439 922 1487 Ea
952 1439 1083 1488 frons
1113 1454 1258 1504 quam
1287 1435 1486 1503 Hispani
1517 1450 1611 1485 tear

88 1507 501 1564 Proeliumnebant‚
535 1524 646 1556 cum
688 1506 873 1556 sinistro
912 1507 1248 1556 Romanorum
1289 1522 1441 1553 cornu
1478 1521 1594 1552 con-

77 1578 214 1618 &zitur-

289 1576 436 1623 currit
461 1612 477 1635 ‚
503 1575 670 1625 dextra
698 1579 857 1625 omnis
891 1579 1015 1625 acies
1052 1589 1185 1624 extra
1217 1572 1441 1641 proelium
1470 1573 1597 1622 emi-

284 1661 404 1692 nens
435 1642 675 1694 cess'abat:
707 1645 843 1694 collis
875 1642 1126 1711 oppositus
1166 1642 1387 1702 arcebat,
1419 1659 1482 1690 ne
1511 1654 1592 1689 aut

282 1731 311 1761 a
356 1711 555 1772 fronte,
604 1727 686 1762 aut
734 1713 793 1762 ab
838 1713 988 1762 latere
1030 1711 1419 1780 aggrederentur.
1460 1708 1622 1758 Inter·

283 1781 479 1830 Livium
510 1780 929 1849 Asdrubalemque
959 1784 1126 1848 ingens
1158 1778 1456 1829 contra&um
1492 1795 1596 1828 cer·
1627 1824 1644 1834 ⁴,

283 1865 447 1899 tamen
485 1865 615 1908 erat,
654 1864 888 1918 atroxque
931 1852 1089 1899 caedes
1122 1850 1365 1916 utrimque
1413 1847 1594 1897 edeba-

287 1934 397 1967 tur:
431 1918 498 1966 ibi
535 1919 680 1967 duces
718 1920 899 1978 ambo,
943 1921 1008 1968 ibi
1039 1936 1146 1986 pars
1188 1914 1345 1978 major
1374 1916 1598 1983 peditum

289 1988 607 2054 equitumque
645 1987 982 2037 Rornanorum
1016 2005 1026 2034 :
1069 1988 1134 2036 ibi
1179 1986 1379 2050 Hispani
1404 2021 1419 2044 ‚
1456 1999 1600 2034 vetus

289 2056 429 2104 miles
475 2055 750 2123 peritusque
798 2056 945 2107 Rom.
995 2073 1201 2123 pugnae,
1261 2056 1314 2104 δι
1363 2052 1602 2121 Ligures,

290 2125 467 2174 durum
499 2125 547 2172 in
575 2127 717 2174 armis
746 2142 930 2192 genus:
961 2125 1139 2173 ecssdem
1171 2121 1297 2172 versi
1326 2122 1602 2189 elephanti,

294 2194 377 2260 qui
418 2194 578 2260 primo
631 2195 814 2261 impetu
858 2194 1172 2243 turbaverant
1216 2189 1549 2258 antesignanos
1584 2223 1604 2249 ,

293 2264 347 2312 δε
374 2260 469 2329 jam
505 2261 631 2329 signa
653 2280 908 2311 moverant
937 2263 1050 2312 loco
1073 2279 1084 2309 z
1114 2260 1292 2309 deinde
1313 2296 1327 2320 ‚
1359 2257 1604 2308 crescente

298 2331 558 2380 certamine
596 2331 650 2380 ὅ(
688 2331 929 2389 clamore,
971 2330 1287 2397 impotentius
1331 2326 1430 2393 jam
1466 2328 1567 2395 regi
1591 2325 1639 2387 ,’

298 2401 353 2450 &
383 2404 507 2448 inter
541 2398 658 2447 duas
691 2401 817 2448 acies
854 2398 1066 2457 versari,
1097 2397 1231 2448 velut
1270 2397 1441 2445 incerti
1478 2412 1607 2463 quo-

298 2485 405 2517 rum
437 2464 585 2517 essent
607 2504 625 2525 ,
665 2467 791 2517 haud
827 2465 1110 2517 diffimiliter
1147 2467 1350 2515 navibus
1383 2463 1481 2514 fine
1512 2481 1606 2531 gu-

295 2536 559 2587 bernaculo
615 2539 765 2602 vagis.
814 2534 1046 2585 Claudius
1081 2574 1095 2596 ‚
1146 2536 1275 2600 Quid
1315 2551 1413 2601 ergo
1449 2532 1610 2598 praeci-

289 2608 380 2674 piti
417 2603 543 2670 cursu
587 2618 678 2651 tam
725 2604 902 2671 longum
939 2606 1022 2652 iter
1049 2606 1208 2669 emensi
1225 2600 1415 2667 fiamus?
1449 2601 1610 2650 clami-

298 2691 404 2727 tans
435 2672 696 2734 militibus,
731 2689 880 2740 quum
920 2674 969 2721 in
1007 2665 1263 2724 aclveisum
1299 2669 1476 2729 collem
1510 2667 1612 2718 fru-
