1649 3104
210 116 648 193 ⁴Ltssizn
731 113 1057 177 XXVII.
1242 124 1326 197 97

21 215 145 268 ‘ritus
170 255 184 277 ‚
206 218 383 268 litteras
419 218 627 266 Romam
659 216 720 266 ad
760 214 974 264 senatum
1009 217 1071 265 de
1111 216 1233 266 duce
1272 219 1324 269 &
1346 211 1538 261 U·C·542·

30 290 244 335 exercitu
276 288 335 336 ad
372 286 685 334 Herdoneam
726 282 888 332 amisso
923 285 1096 332 scribit.
1131 287 1326 335 Ceterz‘mz
1345 265 1538 311 a'C'uo‘

29 353 295 418 eumdemst:
320 392 333 413 ‚
373 356 450 418 qui
481 356 579 420 post
612 354 881 412 Cannensem
911 369 1110 417 pugnam
1132 351 1327 415 ferocem

28 423 213 470 vinorid
243 422 522 470 Annibalem
552 419 815 485 contudiffi’t
834 456 846 477 ‚
870 421 929 466 ire
955 419 1174 467 adver-‚its
1195 439 1290 468 eum
1311 457 1326 479 ‚

30 490 198 537 'brevem
249 491 321 537 illi
366 490 570 536 limitiam
615 490 706 553 qud
745 487 933 551 exsultet
969 485 1211 551 flzt‘lurum.
1268 487 1329 536 Et

30 554 202 607 Romae
235 557 431 624 quidem
473 573 620 622 quum
659 554 806 603 lucius
842 556 1008 619 ingens
1051 572 1109 602 ex
1152 570 1326 620 praete·

27 625 120 672 rito
144 663 157 684 ,
180 641 282 672 tum
301 626 446 672 timor
463 625 510 670 in
535 623 744 670 futurum
772 636 886 670 erat.
910 620 1093 670 Consul
1115 639 1173 668 ex
1193 622 1323 670 Sam·
1342 631 1535 676 Marcella*

25 694 109 740 nio
144 695 191 740 in
235 693 453 740 Lucanos
489 688 788 756 transgressus
811 725 825 748 ‚
857 689 915 736 ad
959 688 1319 738 Numistronem
1339 697 1524 736 adversim

27 760 75 806 in
107 758 351 824 conspecsiu
386 758 636 806 Annibalis
671 758 783 805 loco
814 757 994 822 plano,
1031 776 1177 823 quum
1213 758 1319 806 Poe·
1340 756 1523 798 Anniba-

27 844 115 874 nus
151 827 321 874 collem
360 840 578 883 teneret,
609 824 764 889 posuit
796 824 957 872 castra.
999 825 1074 890 (5)
1113 827 1318 874 Addidit
1341 819 1414 858 lem
1440 835 1522 876 pu,

27 893 80 944 &¹
117 895 254 942 aliam
287 893 477 942 fidentis
510 893 747 958 speciem,
788 893 920 958 quod
951 895 1079 957 prior
1099 894 1148 941 in
1166 895 1431 943 aciemgna·

27 961 208 1010 eduxit.
251 961 356 1009 Nec
381 961 663 1009 deti-eciavit
689 960 928 1018 Annibal,
962 976 1012 1008 ut
1047 960 1175 1027 signa
1211 980 1324 1028 por-

25 1030 84 1078 tis
124 1027 278 1078 efferri
315 1030 452 1076 vidit.
484 1027 551 1076 Ita
585 1042 744 1076 tamen
769 1030 921 1076 aciem
963 1027 1283 1080 instruxerunt
1306 1069 1324 1093 ,

24 1111 76 1145 ut
103 1097 278 1145 Poenus
314 1097 533 1144 dextrum
578 1114 729 1144 cornu
779 1099 824 1144 in
860 1095 1034 1143 collem
1081 1098 1322 1165 erigeret,

24 1163 232 1214 Romani
255 1163 484 1212 sinistrum
501 1163 560 1211 ad
576 1165 808 1229 oppidum
829 1164 1223 1233 applicarent.(6)
1245 1168 1327 1217 Ab

25 1232 142 1280 hora
178 1234 314 1280 tertia
351 1249 497 1297 quum
529 1231 587 1278 ad
620 1231 808 1279 nociem
843 1249 1051 1298 pugnam
1080 1234 1327 1283 extendis-

24 1299 124 1348 sent
144 1338 156 1357 ‚
177 1298 397 1365 feffaeque
420 1301 676 1365 pugnando
704 1301 870 1365 primae
904 1303 1028 1348 acies
1055 1300 1204 1350 essent
1226 1341 1237 1357 ,
1262 1302 1324 1351 ab

23 1365 256 1415 Romanis
290 1369 438 1433 prima
468 1367 592 1432 legio
630 1369 681 1416 &
718 1369 912 1417 dextera
942 1367 1011 1415 ala
1032 1405 1045 1426 ‚
1077 1370 1136 1417 ab
1168 1371 1326 1418 Anni-

22 1434 128 1483 bale
166 1434 361 1499 Hispani
399 1435 572 1482 milites
611 1436 662 1483 &
698 1434 912 1483 funditor
949 1435 1185 1497 Balearis,
1216 1439 1322 1487 ele-

23 1503 186 1569 phanti
211 1520 404 1569 quoque
420 1541 434 1563 ‚
454 1501 703 1551 commiss'o
724 1502 820 1567 jam
849 1508 1106 1552 certamine
1126 1507 1172 1553 in
1193 1524 1319 1571 proe-

23 1572 141 1620 lium
172 1570 275 1619 affl.
306 1570 406 1618 Diu
436 1588 593 1637 pugna
611 1574 780 1620 neutro
799 1573 1021 1620 inclinata
1052 1570 1192 1621 stetit.
1220 1574 1320 1623 Pri-

22 1656 114 1688 mae
152 1638 329 1705 legioni
356 1640 522 1697 tertia,
551 1639 760 1686 dexterae
796 1641 881 1687 alae
920 1638 1098 1688 sinistra
1131 1640 1271 1690 subiit
1302 1681 1316 1700 ‚

25 1707 79 1755 δί
105 1710 230 1770 apud
259 1705 415 1755 hostes
435 1708 604 1772 integri
629 1725 653 1754 a
678 1705 801 1755 feffis
826 1724 1034 1774 pugnam
1062 1727 1320 1774 accepere.

24 1772 225 1823 Novum
259 1790 402 1838 atque
432 1790 570 1822 atrox
604 1775 827 1839 proelium
861 1793 919 1823 ex
951 1791 1047 1824 tam
1082 1776 1211 1844 segni
1239 1796 1317 1826 re-

0 1856 1 1900 l
21 1843 166 1908 pente
199 1841 367 1890 exarfit
386 1880 402 1900 ‚
428 1843 698 1891 recentibus
718 1845 883 1891 animis
903 1844 1279 1912 corporibusque
1300 1865 1318 1906 ;

0 1902 103 1984 {sed
117 1927 212 1958 nox
229 1911 408 1959 incertii
427 1910 623 1958 vietori&
640 1912 831 1959 diremit
848 1928 1130 1978 pugnantes.
1150 1912 1317 1962 Poste-

18 1994 75 2026 ro
105 1979 181 2026 die
211 1978 418 2028 Romani
445 1979 502 2026 ab
531 1977 630 2026 sole
660 1995 770 2028 orto
794 1981 841 2027 in
877 1981 1079 2028 multum
1107 1981 1201 2030 diei
1227 1981 1318 2031 ste·

18 2058 118 2094 tere
151 2048 198 2093 in
227 2048 327 2095 acie
362 2066 372 2095 :
405 2046 486 2094 ubi
513 2064 660 2095 nemo
693 2046 898 2096 hostium
931 2049 1161 2097 adversus
1198 2067 1316 2116 pro-

19 2112 133 2170 diit,
162 2112 309 2179 spolia
327 2131 426 2183 ‘per
458 2117 612 2163 otium
645 2115 840 2182 legere,
872 2116 924 2167 ὃς
961 2117 1214 2184 congestos
1260 2119 1311 2168 in

84 2251 104 2289 5
135 2238 305 2276 Addidit
343 2238 380 2278 6·
423 2238 546 2278 alz'am
566 2236 630 2294 fi—
691 2241 786 2281 Ioco
818 2250 972 2281 motum
1007 2239 1312 2293 existimamus.

18 2300 146 2339 dentis
164 2297 330 2352 spect'em
352 2301 368 2354 ]
402 2299 566 2340 Addidit
590 2302 631 2341 ὅς
693 2303 734 2342 &
753 2304 856 2354 huc,
880 2317 930 2343 ex
956 2303 1219 2357 sequentibus
1240 2318 1309 2343 re-

18 2360 126 2400 aliud
142 2391 152 2408 ‚
184 2375 236 2400 ex
251 2375 331 2414 quo
355 2360 538 2401 fiduciam
564 2363 632 2402 iti·
691 2365 891 2404 trahendo
916 2379 1043 2418 pauca
1062 2368 1212 2415 verba,
1246 2366 1310 2404 le-

18 2421 105 2462 dem
145 2421 347 2464 ostentare
385 2423 629 2464 videretur:
694 2427 902 2480 gendum:
939 2426 1027 2465 Diu
1054 2441 1187 2482 pugna
1211 2440 1311 2465 neu-

18 2495 163 2536 nempe
179 2514 190 2534 ,
215 2482 323 2537 quod
350 2485 463 2537 prior
493 2485 634 2525 eduxit
693 2499 752 2526 tro
771 2488 966 2527 inclinata
994 2487 1118 2538 stetit.
1133 2486 1195 2526 Ab
1214 2487 1309 2527 hora

17 2544 168 2588 milites
189 2548 228 2584 in
247 2546 390 2585 aciem.
464 2590 470 2603 ἱ
694 2552 808 2588 tertia
824 2579 833 2589 .
850 2580 860 2589 .
877 2582 886 2591 .
911 2581 920 2591 .
943 2552 981 2588 in
1004 2549 1178 2602 proelium
1204 2548 1309 2599 afli,-

83 2604 173 2644 6Ab
189 2607 280 2645 hora
298 2610 430 2663 tertia]
446 2608 490 2648 In
511 2607 631 2662 hujus
688 2614 822 2668 primae
842 2611 986 2668 legioni
1005 2612 1119 2650 tertia
1134 2642 1146 2664 ,
1173 2610 1250 2656 ἃς.

19 2667 159 2723 pugnae
187 2667 459 2722 descriptione
484 2671 634 2729 aliquid

96 2728 227 2781 Teme
259 2727 347 2780 IV.
1012 2728 1053 2779 E
