1649 3104
317 121 430 202 388
727 72 1271 196 'I“.Lrvrtc

104 216 464 283 U·<‡·55C·vi&us
509 234 699 288 peteret
739 240 906 289 pacem
951 225 1162 290 aequiora
1203 222 1445 289 impetrari
1484 225 1616 292 poss'e

68 326 73 327 ν
102 274 469 348 3*(”·29ὶ·τ3ω5,
502 292 726 339 nuncium
755 291 814 339 ad
854 290 1133 357 Scipionem
1169 290 1328 350 misit,
1359 308 1410 341 ut
1449 295 1614 342 collo-

312 358 491 424 quendi
520 358 680 407 secum
715 358 1004 425 potestatem
1039 358 1230 407 faceret.
1258 359 1313 408 Id
1341 362 1499 409 utrum
1533 361 1613 411 su&

305 425 476 492 sponte
517 427 724 485 fecerit,
768 444 826 474 an
871 426 1066 493 publico
1113 427 1347 484 consilio,
1390 443 1613 478 neutrum

301 512 387 544 cur
432 493 666 543 affirmem
705 495 879 542 habeo.
921 493 1145 543 Valerius
1187 496 1359 544 Antias
1387 535 1400 557 ‚
1451 500 1611 562 primo

303 563 482 629 proelio
509 563 689 612 vicium
723 579 833 611 eum
865 582 891 611 a
922 560 1181 629 Scipione,
1214 581 1312 631 quo
1347 564 1612 613 duodecim

301 631 449 679 millia
485 646 777 679 armatorum
814 632 861 677 in
898 633 999 679 acie
1031 630 1123 697 (9)
1152 630 1252 679 sunt
1282 632 1399 681 caesa
1421 669 1435 691 ‚
1472 633 1607 681 mille

300 699 357 749 &
387 698 672 765 septingenti
710 700 835 765 capti
860 735 870 752 ‚
907 699 1117 766 legatum
1155 717 1265 748 cum
1295 702 1396 748 aliis
1432 701 1609 749 decem

297 767 468 834 legatis
512 768 654 815 tradit
696 767 744 814 in
790 764 939 814 castra
981 767 1040 814 ad
1083 767 1360 832 Scipionem
1406 768 1607 818 venisse.

300 833 538 884 Ceterum
583 834 747 901 Scipio
793 853 941 901 quum
995 835 1293 899 colloquium
1340 837 1469 884 haud
1517 838 1607 886 ab-

301 904 472 952 nuiffet
492 940 505 962 ‚
532 904 677 952 ambo
703 939 717 961 ‚
747 920 805 951 ex
832 901 1105 969 composito
1137 904 1284 953 duces
1315 905 1463 952 castra
1492 923 1605 972 pro·

141 982 279 1022 Collo·
302 973 550 1030 tulerunt,
585 987 634 1019 ut
663 973 793 1019 coire
832 989 890 1019 ex
939 974 1214 1037 propinquo
1259 971 1459 1037 possent.
1500 971 1608 1022 Sci-

87 1046 222 1100 quium
305 1042 387 1106 pio
421 1037 515 1106 (ι)
547 1040 670 1087 haud
707 1039 874 1104 procul
912 1038 1184 1106 Naraggara
1216 1041 1332 1089 urbe
1355 1079 1368 1098 ,
1408 1056 1510 1089 tum
1543 1042 1607 1091 ad

89 1108 232 1144 ductim
304 1123 463 1157 cetera
497 1109 609 1156 loco
645 1123 923 1172 opportuno
951 1146 964 1166 ‚
997 1122 1100 1156 tum
1134 1107 1264 1174 quod
1291 1108 1386 1175 (2)
1410 1112 1604 1175 aquatio

87 1169 135 1209 ὰ
166 1178 422 1226 pace-imm
469 1176 553 1225 teli
604 1175 874 1240 conjeclum
931 1191 1068 1236 erat,
1113 1175 1345 1224 consedit.
1392 1177 1606 1226 Annibal

296 1246 537 1295 tumulum
568 1262 592 1292 a
624 1258 826 1311 quatuor
859 1244 1070 1292 millibus
1097 1244 1209 1292 inde
1234 1281 1247 1301 ,
1277 1259 1431 1293 tutum
1465 1263 1605 1300 com·,

291 1315 595 1380 modumque
628 1313 838 1378 alioqui,
868 1311 951 1360 nisi
981 1312 1113 1379 quod
1145 1313 1419 1379 longinquae
1452 1331 1602 1379 aqua-

289 1385 437 1431 tionis
478 1396 577 1430 erat
600 1419 612 1441 ,
648 1379 895 1448 cepit:ibi
932 1383 979 1429 in
1019 1381 1184 1429 medio
1220 1382 1355 1429 locus
1392 1382 1601 1449 conspe-

290 1450 392 1500 ἕως
443 1451 688 1517 undique,
727 1468 787 1500 ne
838 1449 954 1517 quid
998 1447 1269 1498 insidiarum
1315 1449 1429 1499 effet
1455 1487 1470 1512 ,
1512 1451 1602 1506 de-⁴

288 1519 453 1569 lechis.

359 1587 538 1636 XXX.
576 1586 841 1637 Summotis
880 1587 981 1654 pari
1018 1585 1169 1653 spatio
1214 1586 1406 1635 armatis
1430 1623 1446 1647 ‚
1487 1605 1599 1636 cum

288 1655 482 1723 singulis
530 1657 870 1723 interpretibus
916 1653 1151 1722 congreffi
1186 1653 1328 1713 sunt,
1370 1673 1469 1704 non
1506 1655 1601 1705 suae

287 1726 442 1774 modo
477 1727 627 1773 aetatis
662 1726 857 1772 maximi
894 1725 1039 1773 duces
1061 1761 1077 1781 ,
1109 1722 1190 1772 sed
1223 1725 1382 1772 omnis
1413 1738 1522 1773 ante
1553 1724 1601 1774 se

287 1796 540 1842 memoriae
575 1831 588 1854 ,
627 1795 843 1841 omnium
883 1795 1131 1859 gentium,
1177 1792 1376 1842 cuilibet
1427 1809 1599 1858 regum

289 1863 705 1928 imperatorumve
755 1878 908 1927 pares,
951 1860 1191 1926 Paulisper
1238 1860 1367 1908 alter?
1402 1861 1598 1910 alterius

292 1929 550 1996 conspe&u
575 1969 585 1987 ‚
629 1930 942 1978 admiratione
981 1932 1144 1977 mutua
1183 1944 1337 1993 prope
1377 1930 1600 1989 attoniti,

99 2005 278 2051 'Anniba-
298 2001 593 2047 conticuere.
620 1997 749 2046 Tum
782 1997 991 2046 Annibal
1020 1998 1150 2063 prior
1173 2033 1188 2053 ‚
1216 1997 1270 2044 Si
1295 1997 1376 2043 hoc
1404 1998 1469 2044 ita
1491 1996 1599 2062 fato

87 2073 137 2112 lis
157 2086 248 2112 ora·
297 2069 450 2115 datum
485 2081 610 2124 erat,
644 2082 726 2124 ut,
757 2067 831 2131 qui
858 2067 1030 2131 primus
1071 2064 1228 2112 bellum
1269 2064 1401 2111 intuli
1430 2066 1601 2130 populo

85 2135 160 2176 cio.
299 2138 504 2185 Romano
527 2172 542 2191 ‚
579 2136 734 2200 quique
780 2135 910 2181 toties
941 2151 1079 2199 prope
1127 2131 1172 2180 in'
1218 2133 1421 2180 manibus
1460 2135 1602 2182 νίἑῖο-

297 2206 409 2252 riam
445 2205 609 2260 habui,
637 2205 676 2249 is
710 2203 824 2250 ultro
847 2204 912 2249 ad
932 2220 1085 2267 pacem
1109 2202 1342 2266 petendam
1370 2202 1558 2250 venirem
1573 2220 1597 2260 ‚-

295 2273 421 2320 laetor
453 2286 493 2319 te
535 2271 643 2319 milzi
669 2270 790 2334 sorte
818 2270 1084 2335 potiffi'mum
1120 2271 1269 2316 datum
1290 2306 1306 2326 ,
1336 2289 1366 2317 a
1402 2287 1485 2334 quo
1513 2288 1598 2335 pe-

292 2357 433 2389 terem.
477 2340 579 2388 Tibi
632 2355 796 2404 quoque
841 2340 954 2386 inter
1003 2338 1142 2386 multa
1195 2339 1366 2404 egregia
1417 2355 1503 2385 non
1546 2340 1595 2399 in

352 2451 379 2491 9
413 2434 516 2479 Sunt
536 2432 661 2488 caefiz]
683 2432 794 2488 Lege
819 2431 905 2482 (inc,
962 2429 1103 2483 jec‘lum
1133 2433 1248 2486 erat]
1276 2433 1393 2486 Aqua
1415 2433 1590 2486 peteba-

357 2512 372 2539 1
413 2496 538 2536 Haud
570 2495 712 2550 procul
745 2494 907 2549 Narag-
972 2505 1040 2534 tur
1061 2508 1081 2534 e
1105 2494 1271 2534 flumine
1290 2496 1356 2534 vel
1376 2495 1464 2535 rivo
1489 2508 1592 2548 pro-

285 2575 383 2617 gam
405 2559 517 2613 urbs]
540 2558 599 2597 Ita
619 2557 783 2597 codices
801 2588 812 2607 ‚
831 2570 907 2610 pro
972 2557 1090 2609 piore
1121 2555 1256 2596 castris
1274 2587 1285 2607 ‚
1318 2557 1434 2609 quam
1460 2569 1595 2611 quan-t·⁴

288 2625 457 2677 vulgato
484 2619 702 2674 Nadagara
722 2616 821 2659 urbe.
973 2629 1039 2662 tus
1062 2617 1117 2660 est
1144 2619 1220 2660 teli
1242 2616 1470 2678 conjessus.

350 2698 375 2730 2
410 2682 588 2740 Aquinio
608 2685 712 2723 intra
729 2680 800 2723 teli
816 2693 910 2730 cons
