1649 3104
230 120 337 173 3440
539 109 827 162 INDEX
896 110 1232 163 RERUM.

295 196 423 251 pione
448 196 488 237 in
508 197 689 238 Africam
715 199 935 254 praedatum
955 231 968 251 ,
994 199 1148 241 XXIX.
1178 213 1213 241 ι.
1239 199 1287 241 ad
1306 212 1398 240 eum
1420 196 1538 241 venit

298 257 498 299 Masinissa
515 289 529 307 ,
548 274 592 310 4.
613 261 718 301 redit
736 274 788 301 ex
807 262 946 301 Africa
964 292 974 312 ‚
999 261 1040 302 6.
1063 259 1186 301 ciaffis
1210 261 1423 315 praefestus
1445 274 1535 301 cum
1591 287 1596 310 3

299 319 495 375 Scipione
514 321 650 361 tranfit
667 323 707 363 in
722 322 901 363 Africam
917 352 930 369 ,
950 338 969 362 2
984 337 1019 374 5.
1039 338 1128 362 cum
1147 321 1344 363 Masinissa
1362 323 1537 362 mittitur

299 382 348 422 ad
369 382 675 437 persequendos
695 385 924 438 Syphacem
954 384 994 424 &
1015 384 1280 424 Asdrubalem
1301 415 1312 434 ,
1337 383 1470 424 XXX.
1494 397 1538 438 9.

298 442 429 485 vincit
445 443 675 500 Syphacem
691 478 700 495 ,
728 459 743 486 1
759 458 773 486 1
785 476 794 484 .
815 446 1020 499 improbat
1034 445 1245 485 Masiniffae
1265 459 1354 484 cum
1370 445 1539 497 Sopho·
1615 455 1621 463 '

798 506 821 530 Q

299 504 416 546 nisba
440 507 600 560 nuptias
618 537 631 553 ‚
659 519 726 561 13.
754 522 775 546 a
797 509 991 559 ..cipione
1012 507 1187 547 donatur
1211 505 1364 547 corona
1386 504 1508 544 aurea
1528 535 1542 556 ,
1599 522 1618 529 -’

307 577 358 618 15
379 597 390 618 ,
421 581 509 607 cum
530 568 721 623 Syphace
747 568 917 622 aliisque
946 568 1116 622 capti-vis
1139 567 1316 608 Romam
1331 566 1544 615 mitt{ttir·,'
1614 562 1618 567 ⁴

307 628 380 669 16.
395 643 482 682 quae
502 629 543 668 in
562 629 702 669 Africa
723 628 830 684 gesta
849 630 940 670 sunt
960 661 972 680 ‚
999 630 1171 682 exponit
1195 629 1380 668 Patribus
1396 660 1406 678 ‚
1439 641 1510 679 17.

242 687 294 732 C.
315 689 516 730 Laetorius
537 692 698 730 creatur
719 702 870 743 praetor
884 722 894 740 ‚
922 691 1082 735 XXVI.
1103 704 1175 746 23.
1194 689 1401 730 decemvir
1421 688 1543 730 sacris
1584 687 1619 725 J

258 785 268 794 ,.
306 750 525 801 faciendis,
555 751 732 792 XXVII.
759 753 799 793 8.

242 810 291 854 Ι..
311 812 514 853 Laetorius
529 844 540 863 ‚
563 813 687 854 aediiis
708 815 840 866 piebis
856 845 868 866 ,
887 814 991 856 vitio
1013 822 1174 855 creatus
1184 828 1202 866 ¹,
1219 812 1380 855 abdicat
1398 811 1440 854 se
1459 825 1544 852 ma-

306 873 468 928 gistratu
484 906 496 925 ‚
522 873 656 915 XXX.
679 887 752 930 39.

234 934 379 977 Lamia
407 938 528 986 urbs,
558 936 737 979 XXVII.
766 946 841 990 30.

240 995 441 1044 Lanistae,
466 997 667 1039 XXVIII.
695 1011 766 1039 21.

239 1054 471 1099 Lanuvium
491 1089 502 1108 ‚
531 1059 689 1102 XXVI.
715 1059 759 1102 8.
783 1058 826 1102 &
844 1058 1001 1101 XXIX.
1030 1071 1103 1112 14.

238 1116 363 1174 Lapis
382 1119 544 1173 quidam
571 1121 683 1162 sacer
710 1121 828 1162 datur
846 1123 993 1176 legatis
1017 1118 1215 1162 Romanis
1232 1151 1254 1169 ,.
1276 1131 1400 1176 quem
1417 1116 1546 1160 Peffi0

303 1183 435 1222 nuntii
455 1192 634 1223 matrem
653 1183 775 1223 deum
793 1183 996 1224 vocabant
1015 1215 1025 1234 ‚
1047 1182 1210 1226 XXIX.
1235 1196 1251 1225 1
1265 1194 1304 1225 1.

239 1241 420 1297 Lapides
448 1242 578 1285 filices
595 1276 607 1295 ,
633 1244 771 1285 XXX.
796 1258 872 1300 43.

240 1304 417 1358 Lapides
436 1305 528 1346 Arri
545 1338 558 1357 ,
583 1308 700 1347 Iocus
719 1307 828 1346 inter
851 1305 1002 1362 oppida
1017 1305 1233 1364 Illiturgim
1251 1303 1295 1349 &
1311 1301 1548 1348 Mentissam

306 1368 348 1407 in
368 1366 589 1408 Ausetanis
609 1399 622 1418 ,
645 1367 805 1411 XXVI.
836 1380 907 1419 17.

239 1424 412 1471 Larinas
438 1443 564 1485 ager,
588 1428 770 1472 XXVII.
795 1441 870 1480 40.

241 1489 435 1533 Larissam
451 1492 540 1532 dies
559 1490 761 1534 exercitui
778 1491 828 1533 ad
851 1490 1182 1535 conveniendum
1206 1505 1229 1533 a
1244 1487 1440 1546 Philippo
1458 1486 1548 1532 edi-

308 1552 416 1593 citur
433 1584 446 1604 ,
470 1552 669 1595 XXVIII.
700 1567 743 1606 ς.

243 1613 404 1656 Lariffae
424 1613 711 1656 Thessalorum
728 1616 947 1658 concilium
965 1647 977 1667 ‚
1002 1613 1169 1658 XXVI.
1190 1614 1239 1656 8.

241 1675 419 1718 Lariffus
437 1677 562 1718 amnis
582 1677 728 1719 Eleum
745 1692 885 1734 agrum
901 1679 950 1719 ab
967 1677 1147 1736 Dymaeo
1168 1674 1322 1720 dirimit
1337 1707 1351 1730 ,
1369 1671 1552 1743 XXVII?

310 1752 331 1794 3
347 1752 383 1781 t.

245 1800 502 1842 Lauretanus
524 1810 669 1855 portus
687 1832 698 1852 ‚
725 1800 862 1843 XXX.
892 1815 966 1858 39.
1001 1844 1004 1848 ,

242 1862 392 1905 Lautia
412 1863 558 1919 legatis
581 1864 750 1916 praebita
767 1894 779 1914 ,
805 1863 1006 1908 XXVIII.
1026 1874 1098 1920 39.
1119 1861 1258 1907 XXX.
1285 1875 1357 1916 1-7·

242 1923 473 1965 Lautumiae
491 1957 503 1976 ,
527 1925 686 1966 XXVI.
713 1938 786 1978 27.

242 1985 388 2041 Legati
402 1985 763 2042 Carthaginienses
782 1987 829 2027 ad
843 1985 1117 2027 Asdrubalem
1132 1985 1416 2040 &Syphacem
1435 1983 1551 2040 misti,

307 2046 465 2089 XXIX.
493 2061 564 2102 34.
591 2048 639 2088 ad
663 2048 876 2090 Romanos
899 2048 949 2088 de
972 2061 1074 2101 pace
1093 2075 1104 2095 ‚
1134 2047 1271 2091 XXX.
1300 2060 1385 2095 22,
1412 2061 1489 2098 40.

247 2131 302 2144 --
323 2108 584 2150 Locrensium
613 2110 730 2150 obsiti
759 2110 948 2165 squalore
978 2110 1020 2151 &
1047 2109 1232 2150 sordibus
1251 2140 1262 2160 ,
1291 2122 1424 2149 ramos
1445 2110 1551 2150 oleae

307 2173 541 2211 velamenta
571 2172 797 2226 supplicum
816 2172 1079 2228 porrigentes
1094 2202 1109 2219 ,
1132 2181 1358 2226 queruntur
1386 2170 1437 2212 de
1458 2170 1556 2220 Ple-⁴

310 2234 437 2273 minio
457 2265 467 2283 ‚
499 2232 656 2274 XXIX.
690 2235 761 2276 16.

250 2317 307 2328 --
327 2293 539 2335 Mafiniffae
559 2310 579 2334 a
600 2294 796 2338 Romanis
817 2295 1023 2336 donantur
1038 2326 1050 2346 ‚
1069 2293 1207 2336 XXX.
1232 2307 1303 2347 17.
1321 2346 1325 2347 ⁷

250 2378 308 2389 ·-
325 2356 501 2397 Romani
520 2357 729 2398 violantur
754 2372 776 2398 a
798 2355 1200 2412 Carthaginiensibus
1218 2385 1230 2406 ,
1257 2353 1392 2398 XXX.
1417 2368 1492 2409 25.

251 2437 309 2453 e·-
330 2418 544 2473 Saguntini
573 2418 722 2474 gratias
749 2429 874 2474 agunt
894 2418 1049 2458 senatui
1072 2449 1083 2469 ,
1108 2417 1310 2459 XXVIII.
1333 2428 1404 2472 39.
1431 2417 1553 2458 addu-

313 2490 412 2522 cunt
440 2480 634 2535 quosdam
662 2479 1021 2534 Carthaginienses
1053 2493 1145 2520 cum
1171 2480 1345 2533 pecunia
1364 2509 1379 2526 ,
1410 2479 1476 2532 qui
1504 2477 1554 2518 ad

312 2541 580 2583 conducenda
594 2541 744 2583 auxilia
759 2544 800 2582 in
809 2541 1044 2596 Hispaniam
1056 2540 1320 2595 trajecerant,
1329 2538 1464 2581 XXX.
1482 2553 1503 2581 2
1514 2553 1531 2582 1
1541 2566 1558 2583 .

258 2623 317 2636 »-
338 2603 537 2659 Syphacis
555 2603 697 2645 donati
717 2605 769 2645 ab
787 2603 930 2644 senatu
948 2603 1136 2644 Romano
1153 2634 1166 2656 ,
1187 2600 1363 2648 XXVII.
1381 2614 1429 2655 4,

252 2664 424 2723 Legatis
448 2678 620 2709 munera
641 2666 734 2711 data
749 2698 764 2722 ,
789 2664 968 2711 XXVII.
995 2678 1044 2717 4.
