1649 3104
277 133 356 189 74
697 114 1189 173 T.L11v11

59 207 253 273 U--9542-
276 228 369 259 mae
387 246 402 268 ‚
438 221 579 278 atque
605 208 756 261 Italiae
779 212 868 279 (id
891 213 1023 279 quod
1053 215 1215 262 multis
1238 213 1362 282 saepe
1390 215 1592 282 tempes-

56 265 252 309 ²·(⁴·2¹0·
274 278 453 328 tatibus
474 277 656 329 fecerat
677 280 698 347 )
731 298 972 329 annonam
1002 281 1185 330 levaret
1207 301 1223 343 3
1260 283 1317 331 ab
1343 283 1593 350 Agathyr-

103 1298 256 1354 Hispa·

61 1365 133 1400 mae
152 1376 225 1403 res.

275 365 338 396 na
365 348 662 398 inconditam
698 350 1058 398 multitudinem
1106 348 1265 400 secum
1306 353 1353 399 in
1406 350 1590 400 Italiam

275 415 535 466 transvexit
559 435 570 465 z
602 432 809 482 quatuor
839 418 988 465 millia
1021 417 1274 467 hominum
1302 434 1434 467 erant
1463 418 1591 468 misti

278 502 341 533 ex
376 487 510 533 omni
543 487 823 534 colluvione
858 521 874 540 ,
929 485 1114 534 exsules
1136 523 1149 546 ‚
1184 489 1382 536 obaerati
1413 524 1430 545 ,
1466 489 1591 552 capi-

276 553 387 614 talia
428 551 525 601 ausi
559 554 813 620 plerique,
841 554 894 602 ὅ(
928 571 1076 620 quum
1105 556 1152 602 in
1185 555 1463 604 civitatibus
1503 554 1594 604 suis

279 639 335 670 ac
384 619 468 669 sub
508 621 695 686 legibus
730 624 948 669 vixerant
972 658 985 675 ,
1038 624 1090 671 &
1126 622 1378 689 postquam
1419 640 1503 672 eos
1536 641 1595 673 ex

276 690 423 738 variis
458 689 607 737 causls
636 689 826 738 fortuna
853 688 1018 737 similis
1043 691 1425 757 conglobaverat
1463 690 1594 758 Aga·

277 758 506 822 thyrnam
532 794 545 814 ‚
582 775 669 824 per
693 757 945 806 latrocinia
979 775 1033 806 ac
1073 761 1290 825 rapinam
1330 761 1595 808 tolerantes

279 828 434 874 vitam
472 844 483 873 ε
526 825 615 874 hos
648 843 808 891 neque
843 827 1118 892 relinquere
1160 827 1383 877 Laevinus
1425 827 1503 894 (3)
1547 829 1595 875 in

279 894 429 942 insula
458 929 473 951 ,
519 907 621 942 tum
669 896 876 961 primum
917 895 1049 943 nova
1088 912 1205 960 pace
1243 895 1546 945 coalescente
1580 932 1596 955 ,

280 962 418 1011 velut
465 964 718 1011 materiam
772 963 1010 1011 novandis
1053 963 1197 1012 rebus
1227 1001 1243 1022 ,
1288 964 1396 1012 satis
1440 977 1597 1012 tutum

279 1043 409 1078 ratus
445 1028 550 1090 est3
586 1032 638 1081 &
673 1030 900 1097 Rheginis
932 1030 1028 1079 usui
1064 1031 1208 1080 futuri
1244 1047 1377 1081 erant
1407 1032 1468 1080 ad
1497 1049 1597 1097 po-

282 1098 550 1163 pulandum
600 1099 840 1148 Bruttium
887 1116 1094 1165 agrum,
1147 1098 1373 1149 assuetam
1405 1101 1599 1148 latroci-

279 1168 370 1214 niis
408 1167 732 1234 quaerentibus
762 1185 974 1216 manum.
997 1165 1089 1227 Et,
1125 1169 1259 1233 quod
1291 1169 1353 1218 ad
1385 1166 1595 1218 Siciliam

281 1236 479 1293 attinet,
510 1253 570 1284 eo
609 1254 738 1285 anno
775 1236 1073 1285 debellatum
1103 1235 1185 1285 est.

349 1302 483 1353 XLI.
522 1303 577 1352 In
607 1304 839 1371 Hispania
880 1305 1120 1371 principio
1164 1305 1293 1355 veris
1334 1303 1387 1353 P.
1431 1303 1597 1372 Scipio

285 1372 363 1440 (4)
386 1372 592 1422 navibus
626 1372 869 1432 deductis,
904 1371 1216 1437 evocatisque
1238 1372 1393 1423 edicio
1420 1372 1598 1425 Tarra-

282 1457 461 1490 conem
503 1440 747 1491 sociorum
787 1442 998 1499 auxiliis,
1037 1439 1227 1490 claffem
1259 1440 1596 1508 onerariasque

282 1509 461 1558 ostium
492 1510 606 1558 inde
637 1509 761 1558 iberi
781 1510 991 1558 fluminis
1024 1524 1192 1575 petere
1215 1508 1366 1573 jubet.
1401 1509 1594 1558 Eodem

281 1579 503 1645 legiones
538 1595 597 1627 ex
634 1578 844 1628 hibernis
881 1579 1143 1627 convenire
1179 1595 1327 1645 quum
1363 1575 1556 1642 juffiffet
1579 1608 1625 1635 ,ι

281 1646 361 1713 ips
357 1663 381 1695 e
398 1664 511 1696 cum
533 1648 744 1714 quinque
762 1646 973 1696 millibus
986 1645 1227 1695 sociorum
1241 1646 1297 1694 ab
1313 1645 1594 1695 Tarracone

282 1714 532 1781 profeRus
561 1716 621 1765 ad
646 1718 910 1765 exercitum
941 1713 1039 1764 est:
1066 1715 1165 1781 quo
1190 1731 1338 1781 quum
1357 1712 1559 1764 veniffet
1580 1750 1595 1773 ‚

283 1783 611 1851 alloquendos
640 1784 848 1833 maxime
878 1797 1074 1834 veteres
1105 1783 1282 1832 milites
1305 1819 1320 1842 ‚
1358 1784 1439 1850 qui
1460 1783 1599 1832 tantis

288 1851 625 1919 superfuerant
667 1853 882 1901 cladibus
905 1887 921 1913 ‚
959 1865 1088 1900 ratus
1111 1888 1126 1912 ‚
1160 1852 1402 1901 concione
1443 1850 1601 1900 advo-

96 1932 261 1987 Scz‘pioa
291 1921 398 1971 cata
417 1921 481 1971 ita
503 1920 714 1972 disseruit
738 1939 750 1970 ε
783 1925 933 1972 Nemo
967 1935 1073 1970 ante
1103 1939 1170 1969 me
1191 1938 1340 1970 novus
1363 1921 1603 1986 imperator

61 1998 123 2035 nis
136 1997 265 2035 oratio
293 1992 519 2039 militibus
536 1990 665 2056 suis,
688 1988 951 2056 priusquam
987 1989 1118 2056 operti
1152 2007 1300 2038 eorum
1335 1987 1441 2053 usus
1466 1987 1565 2054 fft
1585 2025 1600 2049 ,

63 2130 139 2161 tes·

61 2057 265 2098 animili-
287 2061 466 2126 gratias
483 2077 608 2126 agere
619 2077 723 2125 Jure
737 2078 793 2108 ac
811 2058 961 2108 merit&
973 2058 1139 2124 potuit.
1163 2059 1246 2105 Me
1264 2058 1398 2106 vobis
1413 2095 1425 2113 .,
1447 2055 1612 2122 prius-

293 2146 430 2194 quam
466 2129 757 2194 provinciam
794 2143 875 2175 aut
919 2128 1061 2192 castra
1105 2127 1296 2174 viderem
1320 2163 1335 2185 ‚
1379 2126 1621 2192 obligavit*

277 2195 472 2263 fortuna
489 2214 510 2256 ‚·
529 2196 727 2264 primz‘zm
745 2232 761 2257 ‚
794 2195 916 2262 quod
935 2195 989 2244 eci
1016 2195 1188 2261 pietate
1208 2212 1309 2260 erga
1326 2210 1498 2260 patrem
1512 2211 1604 2259 pa-

289 2280 524 2330 truumque
548 2283 690 2315 meum
717 2268 851 2317 vivos
882 2263 1157 2330 mortuosque
1173 2260 1334 2330 fuistis
1349 2281 1370 2322 ;
1411 2263 1571 2311 deinde
1588 2298 1605 2323 ‚

357 2386 379 2430 3
405 2373 453 2414 In
472 2373 602 2428 infida
619 2406 633 2423 ,
657 2388 737 2416 tum
750 2373 917 2431 primt'tm
1041 2389 1071 2427 ,4
1095 2373 1279 2415 Navibus
1306 2373 1474 2415 deduflis
1503 2376 1522 2428 ]
1558 2374 1605 2415 In

291 2435 402 2479 nova
424 2451 523 2492 pace
556 2438 835 2493 coalescente]
871 2438 917 2478 In
979 2452 1109 2479 mare.
1143 2437 1345 2478 Deducere
1379 2435 1422 2476 &
1450 2435 1606 2489 ficbdu-

290 2500 422 2541 insula
437 2531 449 2550 ,
469 2513 557 2554 quae
575 2508 662 2540 tum
678 2499 849 2554 primum
865 2512 918 2541 ex
982 2514 1062 2541 cere
1082 2508 1365 2555 opponuntur.
1385 2497 1606 2538 Deduc-m»-

292 2564 500 2603 bellorum
513 2561 673 2603 dissidiis
688 2563 728 2602 in
746 2563 920 2603 consen·
962 2568 1046 2602 ⁴'tur
1070 2576 1196 2603 naves
1231 2561 1272 2601 in
1294 2573 1405 2601 mare
1422 2589 1435 2609 ,
1484 2560 1607 2610 abda-2

292 2623 448 2665 sionem
461 2623 687 2665 animorum
699 2624 918 2681 novapace
982 2636 1121 2667 cuntur
1143 2624 1186 2666 in
1215 2621 1376 2667 ficcum.

292 2687 437 2729 reduci
456 2686 678 2743 inciperet.
