1649 3104
353 119 707 174 LrBER
792 113 1028 172 XXX.
1218 130 1326 192 353

43 213 172 282 figna
218 214 436 262 militaria
487 226 678 262 centum
725 210 1019 278 septuaginta
1077 226 1281 280 quatuor
1315 250 1329 273 ‚

44 285 154 348 equi
204 280 454 330 Numidici
498 281 633 347 supra
687 279 784 328 duo
824 281 971 327 millia
1015 279 1329 347 septingenti,

10 410 12 412 Ι
45 350 285 415 elephanti
317 348 395 396 sex
429 351 555 415 capti
578 387 592 409 ,
623 347 731 397 οᾶὶο
765 347 958 395 flamma
985 347 1209 414 ferroque
1245 348 1336 395 ab·

45 417 252 481 sumpti,
289 433 552 483 magnaque
581 418 655 464 vis
683 433 924 464 armorum
953 431 1103 481 capta.
1136 416 1202 464 Ea
1230 432 1341 464 om-

42 487 119 534 nia
150 487 410 550 imperator
446 484 669 532 Vulcano
703 482 876 531 sacrata
915 483 1137 531 incendit.

112 551 226 600 VII.
266 551 504 599 Asdrubal
537 569 595 599 ex
623 551 729 617 fuga
762 568 868 598 cum
893 553 1050 617 paucis
1086 550 1161 617 (5)
1195 548 1342 599 Afro-

44 637 149 668 rum
187 619 356 667 urbem
393 620 664 685 proximam
697 621 937 684 petierat3
978 617 1134 684 eo'que
1170 635 1341 665 omnes

47 690 125 753 qui
170 687 483 752 supererant,
528 685 728 750 vestigia
771 686 903 734 ducis
952 685 1202 750 sequentes
1233 721 1249 742 ‚
1297 683 1342 732 se

47 756 347 803 contulerant
380 771 390 801 :
429 768 558 801 metu
599 753 808 812 deinde,
850 770 909 801 ne
941 754 1199 809 dederetur
1238 750 1344 800 Sci-

48 824 216 889 pioni,
258 821 374 869 urbe
422 818 628 869 exceffit.
672 820 795 868 Mox
847 819 1024 869 eo'dem
1074 819 1345 887 patentibus

45 891 195 957 portis
225 887 433 936 Romani
467 890 681 954 accepti3
725 905 813 936 nec
852 890 1106 955 quicquam
1135 886 1305 938 hostile
1327 924 1345 946 ,

44 959 157 1023 quia
200 957 449 1005 voluntate
488 954 812 1005 concesserant
856 959 903 1003 in
946 957 1176 1004 ditionem
1208 992 1222 1015 ‚
1268 953 1342 1003 fa-

0 1033 4 1043 “
48 1019 348 1076 &umfiDuae
390 1024 585 1071 subinde
622 1023 763 1072 urbes
803 1040 953 1088 captae
992 1025 1288 1091 direptaeque
1326 1040 1339 1072 :

47 1109 102 1142 ea
139 1092 330 1158 praeda,
373 1092 424 1140 &
464 1109 568 1156 quae
609 1091 767 1140 castris
807 1108 864 1139 ex
896 1090 1093 1140 incensis
1143 1094 1195 1141 &
1231 1093 1343 1157 igne

50 1176 184 1226 rapta
236 1174 367 1217 erat,
418 1159 558 1206 militi
608 1156 825 1207 concessa
867 1158 953 1207 est.
992 1158 1190 1225 Syphax
1230 1158 1343 1207 msto

48 1228 252 1278 millium
292 1227 443 1275 ferme
501 1226 612 1274 inde
667 1225 817 1291 spatio
875 1226 986 1275 loco
1043 1228 1344 1274 communito

48 1294 280 1344 consedit.
304 1293 552 1342 *Asdrubal
586 1292 924 1358 Carthaginem
961 1294 1208 1342 contendit
1229 1333 1243 1354 ‚
1279 1310 1341 1342 ne

37 1363 164 1430 *quid
193 1380 278 1429 per
310 1377 495 1410 metum
528 1379 585 1410 ex
615 1364 796 1410 recenti
830 1362 966 1410 clade
997 1362 1192 1410 mollius
1225 1379 1346 1410 con-

48 1431 307 1480 suleretur:
345 1430 442 1495 quo
482 1444 638 1477 tantus
672 1431 828 1494 primo
863 1446 1014 1478 terror
1047 1428 1113 1476 est
1150 1428 1340 1486 allatus,

47 1514 98 1548 ut
145 1497 321 1547 omissa
374 1497 519 1545 Utica
574 1495 910 1563 Carthaginem
965 1498 1216 1545 crederent
1261 1515 1344 1546 ex-

48 1566 234 1632 templo
270 1563 550 1630 Scipionem
578 1562 883 1613 obsessurum.
913 1563 1139 1613 Senatum
1176 1565 1339 1631 itaque

49 1633 256 1683 Suffetes
284 1632 448 1700 (quod
484 1632 620 1682 velut
650 1631 894 1682 consulare
925 1634 1181 1700 imperium
1212 1632 1342 1699 apud

5 1752 9 1755 ,
50 1707 134 1751 eos
154 1701 288 1766 erat)
316 1717 626 1750 vocaverunt.
651 1700 729 1768 (6)
758 1700 829 1750 Ibi
855 1720 880 1750 e
902 1703 1051 1751 tribus
1079 1701 1210 1750 dictis
1235 1701 1341 1750 sen-

49 1772 212 1820 tentiis
256 1769 386 1834 (una
440 1770 499 1817 de
545 1787 661 1835 pace
717 1771 900 1836 legatos
960 1772 1019 1819 ad
1063 1769 1343 1835 Scipionem

52 1838 371 1895 decernebat;
411 1837 553 1886 altera
593 1837 883 1887 Annibalem
926 1839 986 1886 ad
1019 1839 1244 1886 tuendam
1284 1838 1344 1886 ab

55 1905 284 1956 exitiabili
314 1905 445 1954 bello
492 1907 692 1971 patriam
736 1907 1028 1968 revocabat3
1068 1907 1207 1955 tertia
1240 1905 1349 1956 Ro-

120 2051 139 2090 ς
169 2034 355 2089 Afrorum
384 2035 539 2091 urbem]
570 2036 669 2078 Haec

51 2099 121 2141 fibi
141 2100 316 2139 invicem
334 2096 474 2153 junge.
491 2098 599 2138 Urbs
622 2098 669 2137 il-

44 2161 84 2202 la
102 2176 183 2202 non
198 2169 286 2201 erat
302 2159 461 2200 Punicae
477 2159 668 2215 originis:

731 2039 971 2079 arbitramur
1004 2037 1229 2092 profectam
1268 2035 1353 2078 ess'e

732 2101 780 2139 ab
817 2100 933 2140 Livio
953 2131 966 2147 ,
1001 2100 1108 2140 scitae
1136 2100 1353 2140 brevitatis

733 2162 1016 2201 confestatore
1036 2160 1354 2217 diligentissimo.

50 2223 142 2264 Afri
167 2235 255 2262 eam
275 2222 487 2261 tenebant.

56 2301 59 2303 ·
117 2284 142 2324 6
170 2282 234 2323 Ibi
260 2297 278 2322 e
307 2281 426 2322 tribus
453 2281 670 2334 distis-fim-

51 2344 279 2398 tentiis]Sic
292 2344 473 2384 dedimus
488 2355 531 2383 ut
545 2345 670 2384 habet

51 2407 185 2448 codex
220 2419 322 2446 unus
367 2404 626 2446 Lovanienfis
656 2420 666 2447 ε

51 2466 179 2524 vulgo
203 2467 258 2506 ihi
285 2465 430 2516 tribus,
460 2465 533 2507 δέ.
563 2468 669 2507 infra

52 2545 128 2584 pro
148 2528 434 2583 Syphacemque
452 2530 637 2568 orandum
653 2560 672 2581 ,V

4 2623 6 2628 ,
51 2591 231 2637 dedimus
251 2604 301 2630 ex
323 2588 406 2629 mff.
424 2590 667 2631 hortandum.

0 2642 12 2650 ⁸
53 2652 214 2708 Quin&
225 2664 372 2696 vocem
392 2650 567 2705 censebat
583 2666 668 2694 non

733 2221 931 2263 Ceterum
950 2223 1193 2263 includenda
1207 2235 1355 2277 paren-

731 2283 831 2323 thesi
847 2285 1026 2325 ducimus
1045 2286 1122 2324 tria
1144 2285 1212 2324 illa
1231 2297 1352 2324 mem-

731 2346 800 2385 bra
832 2346 1032 2387 orationis
1054 2377 1064 2396 ‚
1098 2347 1241 2399 quibus
1271 2359 1349 2385 ex-

731 2407 831 2459 plica
840 2420 931 2447 ntur
946 2417 1028 2447 tres
1050 2407 1286 2447 sententiae:
1304 2415 1351 2447 ut

731 2467 867 2508 sensus
904 2483 985 2508 non
1016 2468 1180 2509 finiatur
1209 2467 1276 2508 nisi
1309 2469 1352 2508 in

730 2529 792 2569 his
825 2530 990 2577 verbis,
1024 2531 1101 2569 lzaec
1121 2530 1370 2582 sententia,-

730 2604 877 2646 nempe
902 2592 1023 2632 tertia
1044 2591 1086 2634 ὅ(
1104 2592 1241 2633 ultima
1257 2623 1270 2644 ,
1289 2594 1351 2632 νὶ-

729 2664 799 2694 czt-
