1649 3104
350 127 709 192 Lmen
792 129 1116 195 XX'VL‘
1352 132 1383 216 ’ς

89 229 217 295 bitu,
236 249 380 300 quem
396 234 594 283 haberet
626 250 637 280 ε
676 231 709 280 fi
729 231 1065 298 supplemento
1094 251 1213 298 opus
1234 231 1347 282 esset
1369 232 1595 296 ,ὓ-ς-Ηῖὶ

91 301 334 368 suppleret
349 302 407 349 de
434 300 720 368 legionibus,
739 302 910 366 quibus
927 301 975 348 P.
997 300 1255 350 Cornelius
1275 320 1385 366 pro·
1401 288 1595 345 ²¹·(⁴·²¹¹.‘

96 384 273 435 praetor
294 371 342 417 in
365 368 517 417 Sicilia
538 367 751 435 praeesset
770 386 782 427 3
804 369 915 417 dum
943 386 1001 415 ne
1022 385 1167 434 quem
1183 369 1387 418 militem

89 436 277 504 legeret
299 454 357 485 ex
379 454 439 486 eo
468 454 694 493 numero,
723 435 894 503 quibus
917 435 1102 484 senatus
1126 435 1394 486 missionem

90 506 399 571 reditumque
422 507 467 553 in
502 506 703 570 patriam
728 502 933 570 negasset
956 518 1062 552 ante
1091 503 1202 551 belli
1225 501 1392 554 finem.

93 569 152 622 C.
171 571 382 637 Sulpicio
407 609 423 631 ,
452 575 528 621 cui
549 572 705 620 Sicilia
727 585 956 620 evenerat
974 609 986 628 ‚
1017 572 1122 619 duae
1147 571 1388 636 legiones,

91 657 208 706 quas
238 639 286 688 P.
327 639 581 690 Cornelius
615 637 879 699 habuisset,
916 639 1158 698 decretae3
1198 641 1249 687 ὃ(
1278 638 1393 704 sup-

89 708 388 774 plementum
427 708 487 755 de
523 709 734 756 exercitu
772 705 865 755 Cn.
897 706 1090 767 Fulvii,
1118 707 1199 773 qui
1228 708 1392 772 priore

90 793 216 824 anno
255 777 303 823 in
352 775 531 841 Apulia
580 773 710 824 foede
757 773 903 823 caesus
955 774 1235 842 fugatusque
1275 789 1394 824 erat,

86 843 219 892 Huic
260 845 424 910 generi
466 842 673 891 militum
718 842 905 891 senatus
939 843 1200 901 eumdem,
1241 858 1390 908 quem

86 909 420 961 Cannensibus
440 943 455 971 9
494 909 643 960 finem
674 908 896 960 statuerat
915 911 1096 960 militiae
1120 928 1130 959 ε
1170 909 1391 959 additum

86 981 236 1028 etiam
258 994 574 1045 utrorumque
599 979 876 1046 ignominiae
901 978 968 1028 est
990 1017 1004 1040 ‚
1029 996 1090 1028 ne
1121 981 1169 1026 in
1192 979 1390 1044 oppidis

82 1045 392 1096 hibernarent
408 1085 424 1105 ,
447 1064 575 1096 neve
596 1047 794 1095 hiberna
822 1049 1020 1114 propius
1039 1047 1187 1096 ullam
1220 1046 1393 1095 urbem

85 1115 258 1164 decem
290 1115 498 1164 millibus
534 1111 747 1180 passuum
773 1114 1082 1165 aedificarent.
1108 1115 1164 1164 L.
1195 1113 1391 1164 Corne-

85 1183 154 1231 lio
185 1185 232 1231 in
269 1182 482 1232 Sardinia
516 1184 622 1231 duae
656 1184 874 1250 legiones
912 1183 1066 1240 datae,
1103 1182 1274 1250 quibus
1313 1181 1389 1247 Q,

85 1250 278 1300 Mucius
297 1249 574 1318 praefuerat:
597 1250 986 1317 supplementum
1007 1289 1023 1309 ,
1042 1250 1076 1299 fi
1095 1269 1218 1318 opus
1242 1249 1358 1299 esset
1372 1285 1389 1310 ,,

83 1319 300 1368 consules
319 1318 524 1369 scribere
543 1318 663 1385 juffi.
683 1318 746 1367 T.
769 1318 978 1368 Otacilio
997 1322 1050 1369 ὃ(
1067 1319 1140 1368 Μ.
1154 1317 1354 1367 Valerio
1372 1353 1391 1376 2

81 1384 254 1436 Siciliae
296 1386 596 1454 Graeciaeque
638 1405 721 1436 ora
768 1404 878 1435 cum
913 1387 1183 1453 legionibus
1241 1385 1392 1435 claffi-

80 1453 262 1521 busque
287 1455 457 1521 quibus
476 1469 714 1521 praeerant
731 1493 744 1515 ,
777 1455 1002 1505 decretae.
1031 1452 1107 1522 (3)
1132 1453 1390 1520 Quinqua-

81 1522 211 1589 ginta
243 1522 404 1572 Graeci
443 1541 553 1571 cum
589 1524 781 1591 legione
820 1541 913 1571 una
946 1561 961 1583 ,
1005 1537 1197 1570 centum
1239 1519 1384 1569 Siculi

73 1603 190 1640 'cum
221 1590 403 1640 duabus
433 1591 700 1658 legionibus
736 1591 975 1640 habebant
996 1607 1166 1640 naves.
1203 1588 1381 1638 Tribus
1432 1621 1502 1662 23,
1536 1605 1592 1655 lei

77 1659 135 1708 &
165 1659 334 1727 viginti
375 1659 640 1726 legionibus
670 1660 904 1709 Romanis
945 1676 1006 1709 eo
1036 1676 1162 1708 anno
1200 1658 1550 1723 bellumgiones.

74 1726 204 1781 terra
231 1731 446 1794 marique
482 1726 548 1776 est
583 1727 784 1795 gestum.

147 1794 209 1844 II.
252 1796 493 1862 Principio
543 1794 645 1861 ejus
685 1798 793 1845 anni
836 1813 982 1863 quum
1017 1795 1078 1844 de
1122 1795 1290 1844 litteris
1319 1794 1378 1845 L.
1436 1800 1588 1841 Littera

77 1862 253 1912 Marcii
287 1863 545 1914 referretur
571 1900 585 1924 ‚
613 1883 690 1914 res
721 1862 862 1932 gestae
892 1863 1160 1932 magnificae
1197 1863 1377 1913 senatui
1393 1863 1441 1904 L·
1472 1861 1590 1913 Mar}

76 1931 224 1991 yisae:
254 1932 415 1981 titulus
453 1931 650 1982 honoris
677 1932 696 1999 (
734 1932 866 1999 qubd
893 1933 1099 1999 imperio
1118 1969 1134 1992 ,
1166 1949 1266 1981 non
1291 1930 1380 1998 po·
1395 1927 1467 1968 ⁶5¹⁹·

73 2001 178 2068 puli
210 1998 367 2065 jussu,
410 2015 507 2049 non
549 2017 607 2049 ex
654 1999 931 2049 austoritate
973 1999 1165 2048 Patrum
1215 1999 1331 2049 dato
1366 2039 1384 2062 ‚

18 2099 29 2134 ς
74 2070 330 2134 Propraetor
360 2066 546 2132 senatui
586 2066 829 2135 scripserat
863 2067 884 2134 )
925 2078 1147 2136 magnam
1193 2082 1386 2134 partem

77 2135 331 2185 hominum
369 2134 661 2187 offendebat.
713 2140 825 2186 Rem
855 2138 981 2185 ‘mali
1029 2138 1218 2202 exempli
1255 2136 1340 2201 effe
1368 2176 1384 2195 ‚

78 2205 357 2270 imperatores
397 2205 486 2273 legi
534 2206 591 2251 ab
645 2206 956 2265 exercitibu53
1010 2205 1056 2253 δ’
1094 2202 1172 2270 (4)
1197 2202 1384 2268 solenne
1451 2267 1454 2271 ἢ

75 2272 402 2338 auspicatorum
439 2273 714 2323 comitiorum
749 2275 797 2321 in
830 2275 972 2339 castra
998 2273 1043 2322 δ’
1068 2274 1337 2338 provincias
1366 2308 1384 2331 ‚

66 2342 231 2409 procul
261 2343 318 2390 ab
351 2342 523 2408 legibus
554 2340 964 2410 magistratibusque
985 2378 1003 2400 ,
1048 2342 1113 2389 ad
1143 2341 1382 2389 militarem

69 2445 182 2487 dices
217 2444 360 2499 optimi
388 2445 499 2486 Flor.
532 2445 574 2487 ὅ(
595 2445 688 2492 Put.
753 2450 886 2488 lorum
907 2478 918 2498 ,
949 2455 1114 2486 centum
1131 2453 1353 2498 praeerant.

67 2521 152 2549 non
174 2517 220 2548 ut
244 2505 368 2562 vulgo
383 2507 584 2561 reliquias.
811 2523 842 2560 4
874 2508 1045 2550 Solenne
1091 2504 1378 2559 auspicatorum

73 2605 77 2610 .
135 2579 155 2621 3
196 2567 495 2627 Quinquaginta
526 2567 683 2626 Graeci]
752 2572 1027 2624 comitiorum]
1057 2568 1242 2607 Solenne
1271 2566 1377 2608 insti·-

69 2627 251 2670 Tuendae
310 2630 554 2672 Graecorum
602 2644 686 2673 orae
750 2641 884 2672 tutum
903 2663 914 2682 ,
940 2644 1020 2684 quo
1042 2627 1209 2670 comitia
1233 2628 1377 2684 auspi-¹

68 2692 357 2751 quinquaginta
388 2706 510 2736 naves
524 2708 539 2745 3
576 2693 688 2739 Sicu·
750 2691 844 2738 cato
865 2693 1007 2735 Romae
1024 2691 1299 2735 habebantur.

977 2749 1028 2804 A
1062 2747 1111 2817 iij
