1649 3104
341 87 704 147 L1-BER
786 89 1064 148 XXVI.
1292 107 1359 166 31

50 184 335 238 paterentur,
358 172 469 220 miln‘
488 189 544 219 ne
569 172 726 218 mortis
754 173 930 234 quidem
958 174 1089 237 co'pia
1109 170 1260 221 eadem
1281 173 1337 238 est
1354 209 1370 232 ‚
1391 181 1581 232 [Le-541·

57 257 156 304 quae
184 241 256 287 lzis
303 240 480 288 civibus
516 241 624 287 meis
650 257 670 297 ,·
706 253 888 304 petatur
933 258 962 286 a
1009 242 1170 288 virtute
1217 240 1372 304 invlssae
1392 238 1588 283 &hc-2¹1-

59 305 198 372 hujus
219 309 323 356 vitae
342 307 562 356 vindic‘la.
581 307 748 371 Atque
769 308 832 354 ita
851 306 1013 373 gladio
1032 342 1045 364 ‚
1071 325 1214 372 quem
1238 308 1374 357 veste

61 388 276 435 texerat,
312 393 398 441 per
438 374 695 424 adversum
729 373 894 441 pefiius
937 373 1191 423 transfixus
1216 412 1231 433 ‚
1267 392 1377 425 ante

61 443 213 510 pedes
245 445 550 509 imperatoris
581 442 900 492 moribundus
934 444 1215 507 procubuit,-

133 510 272 560 XVI.
304 510 478 576 Quia,
514 512 567 561 &
608 511 742 577 quod
780 511 839 559 ad
876 509 1164 577 supplicium
1204 511 1377 559 attinet

64 576 463 645 Campanorum,
490 580 542 628 ὅ(
564 580 808 647 pleraque
835 578 952 636 alia,
977 579 1037 627 de
1062 579 1218 628 Flacci
1239 581 1378 628 unius

63 646 295 696 sententia
330 647 428 696 383
472 662 645 707 erant3
677 662 920 696 mortuum
966 647 1185 714 Appium
1217 645 1378 696 Clau-

67 715 201 764 dium
228 713 308 763 sub
343 716 642 764 deditionem
669 714 887 782 Capuae,
918 717 1114 781 quidam
1146 715 1375 763 tradunt:

70 784 194 832 hunc
231 800 425 849 quoque
453 782 605 849 ipsum
640 781 881 832 Tauream
910 800 1068 850 neque
1092 782 1173 830 sua
1208 782 1381 849 sponte

69 848 249 899 venisse
288 849 466 911 Cales,
499 867 657 916 neque
704 850 784 899 sua
837 869 980 899 manu
1022 850 1377 900 i1iterfc&um
1364 890 1381 911 ‚

67 916 188 979 sed,
215 919 359 967 dum'
349 935 470 968 inter
502 934 691 968 ceteros
712 919 774 967 ad
798 919 958 985 palum
984 920 1244 986 deligatui,
1268 922 1379 986 quia

68 1005 238 1054 parum
267 989 389 1036 inter
421 986 645 1052 strepitus
684 989 852 1035 esaudi
844 989 895 1034 ri
937 987 1068 1053 poffc
1076 1005 1126 1034 nt
1164 1006 1267 1052 quae
1291 1006 1384 1036 vo-

69 1054 184 1103 cifer
191 1055 382 1113 abatur,
404 1054 642 1103 silentium
669 1053 772 1102 fier
741 1055 851 1103 1F]
840 1057 1024 1103 laecum
1045 1039 1252 1119 juffisseg
1277 1069 1383 1104 tum

68 1122 312 1172 Tauream
337 1092 385 1170 ill
393 1142 418 1170 a
447 1141 553 1189 quae
589 1124 699 1172 ante
734 1138 1001 1172 memorata
1035 1123 1139 1172 sunt
1170 1122 1334 1171 dixisse
1363 1160 1382 1183 ‚

70 1193 213 1241 virum
238 1190 593 1256 sesomſjimum
624 1193 681 1238 ab
709 1211 994 1257 nequaquam
1021 1194 1126 1258 pari
1150 1195 1216 1240 ad
1234 1194 1383 1240 virtu-

72 1275 156 1308 tem
206 1261 353 1307 occia'i
385 1278 398 1308 .·
438 1259 523 1308 sub
562 1260 663 1307 haec
704 1260 824 1308 dicia
854 1296 868 1318 ‚
908 1258 1026 1325 jussu
1080 1259 1383 1327 proconsulis

71 1344 347 1395 praeconem
394 1329 459 1376 ita
494 1327 823 1406 pronunciasse
857 1346 867 1377 :
907 1330 1090 1388 Lift'or,
1128 1332 1224 1377 viro
1268 1326 1388 1394 forti

73 1398 189 1444 adde
212 1398 395 1462 virgas,
433 1396 477 1444 G»
509 1398 555 1444 in
587 1415 682 1443 eum
715 1414 761 1462 p
753 1398 907 1445 fimum
938 1398 1029 1462 lege
1056 1415 1155 1461 agne
1183 1395 1385 1444 Lecfflm

73 1481 270 1531 quoque
301 1463 754 1513 senatusconsultum
777 1464 984 1532 ‚priusq
988 1482 1096 1513 uam
1140 1463 1291 1512 securi
1316 1463 1386 1513 fe-

70 1535 224 1591 riret,
245 1532 437 1599 quidam
458 1532 674 1581 auclores
693 1531 823 1582 sunt:
850 1531 930 1581 sed
960 1535 1072 1599 quia
1091 1531 1386 1600 adscriptum

71 1601 123 1651 in
155 1600 553 1650 senatusconsulto
593 1599 734 1649 fue1it
752 1603 832 1666 ‚st
876 1604 916 1648 ei
958 1604 1180 1649 videretur
1213 1639 1224 1658 ,
1260 1603 1386 1650 inte-

71 1687 196 1737 gram
216 1688 298 1716 rem
320 1673 384 1717 ad
397 1668 604 1733 senatum
624 1668 845 1734 rejiceret,
869 1671 1235 1735 interpretatum
1258 1668 1352 1718 esse
1368 1706 1389 1729 ,

72 1738 191 1804 quid
223 1739 371 1804 magis
404 1755 429 1785 e
463 1738 709 1802 republica
748 1739 973 1797 duceret,
1014 1735 1384 1787 aestimationem

73 1805 160 1856 fibi
198 1804 481 1869 permissam.
506 1804 721 1884 Capuam
751 1824 776 1854 a
816 1803 1013 1854 Calibus
1044 1805 1254 1854 reditum
1281 1805 1383 1866 est,

73 1874 211 1924 Attel
218 1874 353 1940 laque
387 1875 439 1924 ὃ(
469 1871 652 1923 Calatia
690 1875 737 1921 in
772 1874 1076 1922 deditionem
1117 1887 1328 1941 acceptae
1367 1891 1380 1923 :

75 1942 143 1991 ibi
173 1959 366 2008 quoque
392 1944 440 1990 in
485 1960 569 1991 eos
604 1943 684 2008 qui
716 1944 870 2008 capita
913 1959 1074 1990 rerum
1112 1957 1246 1990 erant
1286 1943 1387 1990 ani-

77 2009 403 2060 madversum.
434 2009 506 2058 Ita
535 2009 614 2076 (1)
639 2010 697 2057 ad
720 2008 1014 2076 septuaginta
1044 2011 1287 2077 principes
1314 2010 1388 2059 se-

79 2078 214 2126 natus
254 2077 485 2127 interfeffi
523 2096 538 2137 3
574 2081 776 2127 trecenti
806 2077 961 2127 ferme
997 2077 1187 2127 nobiles
1227 2077 1384 2128 Cam·

82 2148 190 2211 pani
220 2148 266 2194 in
287 2163 527 2195 carcerem
547 2146 726 2194 conditi
749 2165 757 2193 :
785 2147 895 2206 alii,
921 2164 1008 2213 per
1032 2146 1272 2196 sociorum
1295 2147 1383 2195 La-

83 2215 170 2261 tini
197 2217 403 2263 nominis
443 2214 585 2263 urbes
623 2217 671 2262 in
704 2213 939 2264 custodias
973 2215 1102 2273 dati,
1128 2217 1273 2264 variis
1309 2233 1386 2263 ca-

81 2280 206 2330 sibus
222 2282 501 2332 interierunt
522 2302 533 2332 :
556 2280 634 2348 (2)
654 2283 913 2332 multitudo
932 2283 1018 2331 alia
1035 2284 1213 2332 civium
1235 2280 1385 2332 Cam-

153 2397 167 2424 1
188 2383 255 2423 Ad
277 2382 529 2440 septuaginta
542 2388 697 2440 princi·
764 2388 1047 2441 Campanorum
1094 2387 1330 2427 venumdata
1361 2387 1382 2441 ]

81 2462 152 2502 pes
172 2446 369 2500 finatt‘c's]
402 2446 508 2485 Tum
538 2461 587 2486 ex
617 2447 700 2488 Ca·
762 2449 824 2489 Ita
838 2449 1000 2503 quidem
1016 2449 1258 2489 decreverat
1272 2448 1385 2488 Flac-

81 2524 159 2563 pua
177 2541 188 2560 ,
220 2518 306 2548 turn
339 2520 392 2547 ex
416 2507 556 2550 Atella
579 2508 700 2551 Cala·
763 2523 833 2551 cus
861 2526 871 2551 :
908 2511 977 2551 sed
1001 2511 1263 2550 decretorum
1292 2509 1382 2563 ejus

81 2573 233 2626 tiaque.
761 2572 1025 2613 severitatem
1045 2571 1248 2626 mitigabit
1268 2571 1386 2622 ἱερᾶς

147 2647 172 2676 2
189 2631 412 2674 Multitudo
438 2632 524 2672 alia
553 2635 697 2675 civium
761 2643 826 2676 tus
846 2635 951 2676 infra
970 2664 982 2684 ,
1005 2647 1093 2686 cap.
1119 2646 1191 2688 34·

986 2692 1114 2751 Biv
