1649 3104
0 97 34 166 ‘³⁸
290 131 647 188 LIBER
730 130 1039 189 XXVII.
1206 126 1308 209 185

19 228 268 292 citatiore,
316 226 455 294 quam
505 227 616 275 inde
670 241 907 285 venerat,
960 228 1179 293 agmine,
1232 228 1311 275 die
1334 209 1528 309 ἓξὲξ-ζ’

24 295 154 346 sexto
178 295 235 343 ad
258 294 424 344 stativa
456 294 534 343 sua
556 331 571 352 ‚
602 309 744 361 atque
767 296 826 342 ad
858 293 1044 343 hostem
1080 309 1317 359 pervenit.

27 363 123 413 Iter
160 361 262 427 ejus
298 362 565 429 frequentia
601 367 823 420 minore,
865 364 972 428 quia
1014 379 1160 410 nemo
1195 379 1321 426 prae-

27 429 215 484 cefferat
267 432 499 488 nuncius,
544 430 705 478 laetitia
746 429 864 478 verb
921 429 1077 486 tanta,
1134 430 1214 477 vix
1263 442 1317 476 ut

26 512 275 563 compotes
326 499 560 546 mentium
608 516 705 564 prae
748 496 920 564 gaudio
967 495 1144 552 effent,
1188 494 1318 543 cele-

24 564 209 613 bratum
246 563 327 612 est.
372 565 499 614 Nam
537 565 708 613 Romae
748 579 916 612 neuter
947 566 1092 612 animi
1128 564 1316 611 habitus

24 629 126 680 satis
160 632 251 679 dici
287 634 588 698 enarrarique
627 632 784 697 potest
806 671 818 688 ,
851 649 940 680 nec
990 649 1087 698 quo
1136 633 1318 678 incerta

28 697 373 765 exspeeiatione
415 700 618 748 eventus
658 701 824 747 civitas
857 698 1040 759 fuerat,
1087 716 1174 746 nec
1216 716 1314 764 quo

25 766 232 814 vifioriae
264 766 440 819 famam
473 768 673 831 accepit.
711 767 970 832 Nunquam
1013 783 1098 832 per
1141 782 1319 814 omnes·

25 834 125 882 dies
150 870 164 891 ‚
205 850 263 881 ex
302 852 399 899 quo
444 833 702 882 Claudium
748 834 990 882 consulem
1047 833 1315 898 profeCium

22 900 146 949 fama
175 901 354 959 attulit,
383 901 441 949 ab
477 917 586 950 orto
621 900 719 950 sole
757 903 815 950 ad
847 901 1152 951 occidentem
1173 938 1187 959 ‚
1237 914 1318 949 aut

25 968 212 1018 senator
248 968 494 1035 quisquam
533 987 559 1016 a
597 971 725 1016 curia
765 985 904 1037 atque
940 969 999 1018 ab
1037 968 1317 1036 magistrati-

25 1036 111 1085 bus
150 1035 390 1095 abscessit,
438 1050 516 1084 aut
557 1036 764 1102 populus
804 1055 828 1086 e
862 1036 988 1086 foro.
1040 1037 1316 1095 Matronae,

27 1105 134 1169 quia
163 1105 278 1152 nihil
311 1106 358 1151 in
388 1103 498 1170 ipsis
528 1106 634 1169 opis
666 1118 796 1162 erat,
829 1106 876 1152 in
909 1122 1074 1169 preces
1107 1103 1317 1153 obtesta-

20 1170 267 1238 tionesque
298 1173 470 1231 versae,
501 1189 586 1235 per
619 1174 782 1220 omnia
811 1172 1010 1221 delubra
1043 1189 1177 1238 vagae
1210 1171 1317 1237 sup·

24 1239 171 1305 pliciis
204 1239 423 1305 votisque
455 1238 653 1304 fatigare
686 1240 820 1288 deos.
857 1239 984 1288 Tam
1020 1236 1228 1289 sollicitae
1257 1257 1314 1288 ae

21 1304 245 1371 suspensae
297 1307 477 1354 civitati
524 1305 646 1360 fama
679 1309 858 1355 incerta
906 1309 1064 1373 primb
1106 1307 1315 1365 accidit,

21 1373 140 1422 duos
171 1373 456 1423 Narnienses
489 1376 672 1439 equites
702 1376 747 1422 in
775 1373 920 1423 castra
941 1412 958 1433 ‚
996 1393 1100 1439 quae
1132 1377 1179 1422 in
1214 1373 1313 1421 fau-

20 1441 151 1489 cibus
180 1441 395 1489 Umbriae
430 1440 650 1507 opposita
683 1450 850 1500 erant,
886 1441 1062 1491 veniss'e
1096 1460 1153 1490 ex
1186 1458 1317 1507 proe-

19 1507 120 1568 lio,
157 1510 432 1557 nunciantes
473 1508 620 1557 caesos
662 1508 837 1558 hostes.
873 1508 931 1558 Et
969 1512 1126 1575 primi)
1164 1512 1318 1575 magis

19 1576 237 1634 auribus,
287 1576 430 1641 quam
477 1578 643 1625 animis
696 1578 744 1625 id
787 1594 1036 1643 acceptum
1083 1593 1213 1638 erat,
1265 1590 1318 1625 ut

23 1641 176 1701 maius
220 1644 501 1710 laetiusque,
550 1644 688 1708 quam
733 1646 863 1709 quod
905 1661 1066 1693 mente
1115 1661 1319 1709 capere,

23 1724 102 1757 aut
129 1710 231 1758 satis
261 1712 460 1760 credere
491 1711 704 1776 peffent3
735 1711 902 1778 &ipsa
927 1713 1140 1761 celeritas
1168 1712 1318 1761 fidem

27 1778 359 1843 impediebat,
400 1779 533 1845 qubd
573 1779 720 1828 biduo
752 1782 858 1829 ante
897 1795 1157 1846 pugnatum
1190 1781 1322 1828 dice-

23 1843 172 1905 batur.
226 1844 420 1894 Litterae
462 1848 637 1894 deinde
676 1848 734 1894 ab
778 1847 832 1896 L.
871 1847 1054 1896 Manlio
1104 1847 1319 1895 Acidino

21 1911 161 1961 miffae
182 1929 240 1961 ex
272 1913 428 1962 castris
453 1913 709 1962 afferuntur
732 1914 792 1962 de
822 1914 1154 1963 Narniensium
1184 1917 1316 1979 equi-

23 1992 121 2028 tum
156 1980 382 2030 adventu.
411 1986 490 2030 Eae
523 1983 690 2030 litterae
727 2000 811 2048 per
839 1981 997 2030 forum
1025 1983 1083 2030 ad
1107 1982 1315 2030 tribunal

17 2050 232 2113 praetoris
274 2050 412 2108 latae,
445 2048 523 2114 (3)
559 2049 769 2098 senatum
818 2051 947 2098 curia
996 2052 1308 2109 exciverunt;

19 2128 248 2181 tantoque
281 2119 536 2165 certamine
572 2135 623 2164 ac
658 2119 859 2166 tumultu
897 2118 1062 2183 populi
1093 2118 1150 2164 ad
1180 2117 1309 2166 fores
1356 2130 1359 2135 ·

22 2185 164 2231 curiae
204 2184 486 2232 concursum
530 2183 594 2232 est
624 2220 638 2244 ‚
687 2200 738 2234 ut
782 2186 909 2233 adire
962 2187 1161 2233 nuncius
1212 2203 1312 2234 non

20 2249 173 2315 posset
195 2286 209 2307 ‚
238 2252 598 2319 trahereturque
634 2271 659 2298 a
704 2252 1142 2317 percunffi‘tantibus‚
1179 2255 1315 2301 voci-

17 2315 403 2385 ferantibusque,
448 2335 499 2368 ut
540 2321 588 2367 in
630 2319 814 2369 Rostris
858 2322 1021 2387 prius,
1070 2319 1213 2387 quam
1260 2322 1311 2369 in

71 2477 98 2521 3
128 2466 315 2506 Senatum
341 2468 448 2507 curici'
473 2470 625 2508 excive-
687 2468 875 2521 praetoris
895 2478 1204 2509 concurrerunt.
1223 2468 1305 2508 Sed

14 2528 126 2580 runt]
145 2527 368 2568 Senatores
387 2531 433 2569 ad
453 2530 624 2583 primum
687 2529 821 2569 statim'
844 2531 1095 2585 inreliigendi
1124 2530 1213 2568 sunt
1233 2544 1304 2568 re-

11 2588 198 2629 nuncium
225 2592 433 2630 allatarum
462 2592 622 2631 littera·
685 2590 796 2630 diiffe
819 2592 857 2630 in
883 2594 1032 2629 curiam
1054 2622 1064 2640 ‚
1092 2601 1135 2631 ut
1154 2592 1208 2631 ibi
1227 2591 1302 2631 lito

13 2660 99 2690 rum
119 2680 130 2700 ‚
162 2665 184 2692 e
218 2653 324 2693 curia
368 2653 416 2693 ad
446 2653 621 2695 tribunal
685 2662 783 2695 terae
807 2654 1061 2708 legerentur.
