1649 3104
278 127 635 190 L1BER
715 112 1102 186 ΧΧᾨἹῙ.Ἰ
1232 138 1312 207 99

12 226 349 293 comprehensi
381 244 552 277 omnes
587 226 668 291 qui
718 226 765 272 in
808 242 936 273 noxa
983 236 1116 272 erant
1149 261 1163 282 ‚
1217 227 1269 275 ὅ(
1293 263 1307 286 ,
1331 225 1523 293 U.<j.542.·

17 295 278 360 quaestione
317 298 488 344 acriter
522 292 680 342 habita
709 330 722 351 ‚
769 292 980 340 damnati
1015 294 1266 357 necarique
1297 283 1526 344 2³·(n2100

11 362 249 412 indicibus
281 364 472 412 libertas
491 400 505 422 ‚
533 363 587 411 ὃς
613 360 690 428 (8)
718 364 821 409 aeris
858 360 981 408 dena
1016 360 1161 407 millia
1193 361 1317 412 datag

18 429 290 480 Nucerinos
321 432 374 481 ὃ(
406 430 678 481 Acerranos
708 445 963 496 querentes
985 463 1000 486 ‚
1028 427 1107 475 ubi
1134 427 1323 477 habita·-

22 513 128 547 rent
166 517 263 547 non
295 498 420 556 esse,
452 498 649 547 Acerris
681 514 740 545 ex
778 511 914 561 parte
949 494 1183 555 incensis,
1219 495 1325 546 Nu-

21 565 153 614 ceria
185 566 374 626 deleta,
405 566 616 616 Romam
650 564 845 613 Fulvius
874 564 934 612 ad
978 563 1192 612 senatum
1230 565 1328 612 mi-

22 632 98 687 srt.
128 634 382 684 Acerranis
422 631 696 701 permissum
725 669 740 692 ‚
787 646 838 680 ut
886 630 1180 680 aedificarent
1216 649 1325 698 quae

25 702 213 750 incensa
249 716 382 751 erant
414 720 424 750 ε
461 701 693 751 Nucerini
726 699 974 757 Atellam,
1007 701 1113 766 quia
1145 699 1194 747 id
1233 715 1333 749 ma-

22 768 208 818 luerant
247 768 523 836 (Atellanis
555 767 791 817 Calatiam
810 770 1015 834 migrare
1038 766 1167 832 jussis
1191 767 1212 834 )
1239 782 1331 816 tra·

21 837 172 885 ducii.
206 836 332 886 Inter
366 837 537 885 multas
569 835 855 903 magnasque
906 854 982 885 res
1005 873 1020 897 ‚
1057 853 1164 902 quae
1202 852 1333 885 nunc

22 903 240 953 secundae
258 943 275 964 ,
293 924 416 954 nunc
448 904 659 953 adversae
687 904 989 970 occupabant
1012 905 1333 970 cogitationes

25 973 308 1032 hominum,
343 992 403 1022 ne
436 973 713 1022 Tarentinae
754 973 951 1036 quidem
992 974 1114 1021 arcis
1150 973 1330 1022 excidit

25 1043 277 1090 memoria.
297 1042 367 1090 M.
389 1040 629 1108 Ogulnius
646 1077 660 1098 ‚
690 1041 742 1090 ὃ(
758 1040 808 1089 Ρ.
830 1040 1071 1106 Aquillius
1090 1078 1105 1100 ‚
1124 1042 1173 1088 in
1192 1039 1330 1090 Etru·

21 1111 142 1157 riam
186 1110 326 1175 legati
354 1109 413 1157 ad
450 1110 744 1157 frumentum
787 1109 1113 1157 coemendum
1140 1145 1155 1167 ‚
1191 1108 1328 1174 quod

0 1176 288 1226 -Tarentum
313 1193 584 1242 portaretur
603 1215 616 1235 ‚
636 1175 835 1242 profecii
865 1195 879 1237 3
913 1179 965 1225 &
987 1175 1068 1242 (9)
1088 1176 1217 1225 mille
1239 1178 1330 1225 mi-

22 1245 128 1295 lites
161 1246 220 1294 de
247 1247 455 1293 exercitu
483 1244 666 1292 urbano
684 1282 697 1302 ‚
721 1263 804 1311 par
825 1262 1051 1292 numerus
1077 1243 1328 1293 Romano-

14 1331 133 1362 -rum
163 1312 533 1379 sociorumque,
579 1310 754 1361 eodem
796 1314 846 1360 in
891 1312 1162 1378 praesidium
1211 1328 1326 1364 cum

13 1381 265 1432 frumento
294 1380 414 1429 missi
445 1380 562 1429 sunt.
1257 1417 1259 1420 .

92 1448 179 1498 IV.
199 1450 300 1499 Jam
333 1449 460 1498 aestas
493 1451 540 1496 in
578 1449 707 1498 exitu
741 1464 842 1497 erat
863 1486 876 1508 ,
909 1451 1321 1516 comitiorumque

19 1516 339 1567 consularium
370 1517 569 1566 instabat
603 1532 828 1583 tempus:
870 1516 948 1565 sed
986 1520 1154 1566 litterae
1192 1519 1323 1566 Mar-

19 1585 131 1634 celli
167 1588 379 1652 negantis
424 1603 450 1634 e
494 1587 736 1650 republica
787 1583 908 1642 esse,
937 1584 1018 1652 (1)
1066 1585 1319 1652 vestigium

16 1653 211 1702 abscedi
245 1655 303 1701 ab
338 1654 607 1711 Annibale,
641 1655 713 1701 cui
742 1654 933 1701 cedenti
972 1671 1317 1720 certamenque
1356 1663 1533 1706 Marcel-2

17 1722 244 1770 abnuenti
269 1724 424 1788 gravis
447 1721 547 1787 ipse
580 1721 772 1769 instaret
798 1759 809 1778 ‚
839 1739 1002 1769 curam
1025 1720 1317 1785 injecerant,
1336 1727 1531 1778 lminstat

19 1806 82 1838 ne
110 1806 189 1837 aut
225 1789 470 1837 consulem
505 1804 608 1837 tum
645 1790 852 1837 maxime
898 1807 973 1837 res
1023 1807 1245 1855 agentem
1291 1788 1534 1841 aAnm'balt}

16 1856 146 1907 bello
180 1873 470 1915 avocarent,
499 1873 578 1905 aut
613 1860 661 1905 in
702 1875 878 1904 annum
919 1857 1136 1906 consules
1183 1858 1320 1909 dees-

15 1923 135 1974 sent.
168 1924 426 1991 Optimum
457 1927 613 1974 visum
644 1924 739 1980 est,
773 1943 1044 1992 quanquam
1073 1943 1201 1974 extra
1225 1926 1322 1976 Ita-

11 1991 130 2042 liam
163 1992 309 2055 effer,
338 1993 591 2042 Valerium
625 1994 785 2060 potius
819 1993 1066 2043 consulem
1105 2012 1164 2044 ex
1199 1996 1322 2046 Sici-

81 2130 105 2170 8
133 2128 244 2169 AEris
259 2132 358 2170 dena
371 2132 529 2185 millia]
555 2130 634 2172 Hic
698 2132 912 2188 quingenti
954 2143 1071 2173 erant
1095 2130 1285 2176 ‘Romani
1307 2164 1320 2187 ,

21 2205 144 2249 grave
162 2205 212 2230 aes
230 2191 536 2248 intelligendum
559 2209 633 2247 pu·
698 2195 911 2249 quingenti
936 2195 1050 2235 socii.

15 2262 161 2293 tamus.
185 2255 321 2306 {tique
342 2258 422 2294 aeric
440 2257 536 2294 dena
547 2256 637 2295 mil-
766 2270 781 2297 1
835 2253 1046 2311 Vestigium
1081 2257 1234 2310 abscedi
1268 2255 1318 2297 ab

17 2315 75 2356 lia
127 2313 359 2355 aestimamus
401 2320 545 2356 marcis
580 2333 637 2357 ar·
698 2317 924 2370 Annibale]
943 2319 1106 2358 Nomen
1122 2320 1321 2373 vestigium

19 2376 133 2433 genti
168 2374 445 2418 parisiensibus
463 2393 476 2419 ι
490 2392 530 2430 5.
546 2392 637 2419 cum
700 2394 782 2419 non
800 2379 912 2436 jungi
933 2381 1058 2420 deber
1080 2395 1168 2420 cum
1188 2382 1320 2420 verbo

12 2439 149 2481 ¹unciis
174 2452 214 2490 5.
701 2441 879 2493 abscedi,
902 2442 967 2482 sed
996 2443 1151 2496 regitur
1174 2455 1195 2480 a
1215 2455 1322 2494 prae-

700 2502 902 2557 pofitione
967 2503 1188 2543 intellefia.
1241 2501 1326 2542 Ab·

87 2575 112 2616 9
125 2560 244 2601 Mille
263 2562 421 2605 milites.
438 2594 447 2605 .
463 2578 557 2619 ‚par
568 2579 642 2604 nu-
692 2564 802 2618 scedi
821 2565 868 2604 ab
884 2564 1082 2604 Annibale
1100 2562 1319 2605 secundum

17 2635 146 2662 >merus
157 2622 419 2664 Romanorum
425 2624 642 2677 sociorum·
704 2626 900 2681 vestigium
914 2657 924 2675 ,
954 2626 992 2664 id
1010 2626 1064 2665 est
1078 2657 1092 2673 ,
1118 2626 1278 2669 abscedi
1299 2640 1326 2669 a

26 2685 122 2743 que]
141 2684 261 2728 Mille
277 2687 449 2740 milites,
469 2702 643 2743 quorum
704 2687 882 2744 vestigiis
911 2687 1142 2733 Annibalis.

948 2746 1058 2815 eij
