1649 3104
254 96 336 174 54'
671 84 1163 148 T.L1v11

45 181 466 250 Uram-exercitu
501 203 650 256 quem
684 187 916 239 habuerat
938 225 952 250 ,
985 190 1245 257 quicquam
1286 202 1564 242 mutatum:

42 241 439 306 &QUO-tantum
464 257 514 306 in
552 274 727 306 annum
761 273 1079 324 prorogatum
1108 254 1366 324 imperium
1400 259 1486 310 est.
1513 259 1565 310 P.

251 324 492 393 Sulpicius
524 326 717 392 collega
752 325 855 390 ejus
881 341 1082 374 ornnem
1105 327 1373 375 exercitum
1390 362 1407 386 ‚
1443 345 1565 394 prae-

247 407 324 443 ter
349 393 507 443 socios
529 395 725 443 navales
744 431 758 450 ,
792 391 935 457 juffus
965 392 1210 445 dimittere
1243 393 1327 443 est.
1347 393 1477 444 Item
1505 412 1564 444 ex

246 460 408 512 Sicilia
441 462 679 511 exercitus
700 499 714 521 ‚
740 463 817 509 cui
843 459 912 508 M.
932 458 1190 511 Cornelius
1212 461 1453 527 praeess’et,
1479 463 1564 512 ubi

243 530 411 581 consul
451 532 501 578 in
535 530 841 598 provinciam
891 527 1135 590 venisset,
1175 529 1353 579 dimitti
1397 528 1564 596 jussus.

241 597 299 649 L.
332 596 509 648 Cincio
556 598 795 665 praetori,
838 596 900 645 ad
941 597 1263 647 obtinendam
1300 596 1513 649 Siciliam
1540 614 1561 660 ',

241 664 520 718 Cannenses
574 665 751 714 milites
803 665 942 723 dati,
986 666 1191 723 duarum?
1226 665 1370 716 instar
1406 668 1566 734 legio-

243 751 378 785 num.
416 734 654 784 Totidem
690 734 909 801 legiones
941 735 991 782 in
1030 732 1295 784 Sardiniam
1332 734 1384 784 P.
1420 736 1566 785 Man·

242 804 316 854 lio
346 802 555 853 Volsoni
604 804 799 870 praetori
832 802 1042 852 decretae
1076 840 1088 860 ‚
1130 803 1306 870 quibus
1352 803 1407 854 L.
1433 802 1567 854 Cor-

238 873 391 923 nelius
424 876 473 921 in
511 871 684 921 eadem
718 871 973 938 provincia
1003 872 1166 937 priore
1189 889 1315 921 anno
1351 873 1566 939 praefue-

240 957 334 992 rat.
375 940 597 990 Urbanas
635 939 854 1008 legiones
879 941 945 989 ita
975 938 1186 990 scribere
1221 940 1440 990 consules
1470 939 1569 1008 jus-

244 1008 312 1071 fi,
350 1007 431 1078 (7)
459 1027 520 1060 ne
541 1026 688 1077 quem
715 1009 920 1059 militem
950 1007 1167 1059 facerent
1191 1045 1205 1069 ‚
1242 1011 1324 1077 qui
1356 1010 1405 1060 in
1428 1027 1567 1064 exer-

245 1079 345 1128 citu
376 1077 452 1128 M.
496 1075 729 1140 Claudii,
770 1077 845 1128 M.
885 1076 1104 1137 Valerii,
1143 1077 1214 1144 Q.
1245 1079 1403 1130 Fulvii
1450 1078 1566 1131 fuis-

249 1146 357 1198 sent
378 1183 394 1207 ,
429 1164 558 1197 neve
589 1164 650 1197 eo
681 1165 808 1196 anno
843 1147 1005 1214 plures
1033 1145 1179 1215 quam
1201 1166 1293 1198 una
1314 1149 1367 1199 &
1396 1150 1571 1219 viginti

45 1209 492 1272 legionesRomanae
527 1216 747 1283 legiones
778 1214 945 1267 essent.

45 1290 125 1320 2¹·
325 1284 513 1336 XXIX.
545 1284 636 1334 His
675 1282 1094 1334 senatusconsultis
1121 1283 1344 1352 perfeffis
1367 1324 1382 1347 ‚
1418 1285 1574 1336 sortiti

64 1376 241 1418 Marcel·
254 1354 533 1421 provincias
567 1351 806 1404 consules.
831 1351 991 1402 Sicilia
1025 1355 1078 1404 &
1105 1351 1255 1403 claffis
1296 1353 1537 1405 Marcello
1557 1392 1575 1418 ,

48 1439 88 1480 ΖΘ
124 1422 390 1480 obp2-1talia
425 1440 538 1472 cum
581 1421 716 1471 bello
763 1422 999 1473 adversus
1044 1420 1342 1473 Annibalem
1367 1423 1575 1476 Laevino

43 1505 108 1544 nit
128 1504 241 1544 Sica·-
262 1491 449 1543 evenit.
491 1489 624 1556 Quae
661 1488 761 1539 sors
785 1525 803 1551 ,
852 1490 990 1540 velut
1024 1491 1201 1542 iterum
1248 1494 1399 1558 captis
1430 1491 1577 1559 Syra·

46 1565 121 1608 lia.
260 1558 385 1612 cusis
421 1597 438 1623 ,
493 1559 560 1608 ita
606 1558 903 1610 exanimavit
940 1556 1132 1609 Siculos
1157 1595 1173 1621 ‚
1221 1558 1579 1627 exspe&atione

259 1628 401 1680 sortis
436 1629 488 1678 in
521 1626 773 1678 consulum
806 1625 1066 1694 conspefm
1099 1624 1275 1678 stantes
1298 1666 1317 1689 ,
1357 1643 1410 1680 ut
1443 1648 1580 1681 com·

77 1687 248 1730 3¹⁶⁶“l‘2’
263 1697 475 1767 ploratio
502 1713 674 1746 eorum
703 1695 983 1764 flebilesque
1022 1714 1176 1747 voces
1195 1735 1214 1757 ,
1250 1697 1304 1749 ὃ(
1323 1699 1576 1768 extemplo

45 1750 436 1818 rumlega-oculos
481 1766 736 1815 hominum
773 1778 1122 1815 converterent
1153 1802 1170 1828 ‚
1217 1766 1271 1816 &
1311 1766 1576 1833 postmodo

46 1825 182 1915 toruml
260 1835 509 1886 sermones
532 1833 842 1902 praebuerint.
860 1832 1191 1884 Circumibant
1209 1835 1341 1884 enim
1362 1835 1577 1887 senatum

46 1889 230 1982 335⁰-
258 1922 373 1957 cum
391 1901 528 1956 veste
550 1902 740 1953 sordida
757 1939 772 1963 ‚
802 1900 1093 1953 affirmantes
1112 1940 1127 1964 ‚
1155 1902 1302 1970 (8)ft
1330 1923 1421 1956 non
1440 1908 1573 1956 mode,

249 1972 389 2040 fitam
411 1973 596 2040 quisque
615 1973 816 2040 patriam
837 2008 851 2034 ‚
880 1970 965 2036 sed
990 1987 1132 2021 totam
1162 1973 1375 2022 Siciliam
1399 1976 1576 2023 relift'u-

190 2067 193 2069 Α
254 2062 331 2093 ros
353 2080 370 2103 ‚
414 2062 432 2090 ι
464 2061 513 2091 eo
541 2041 798 2091 Marcellus
837 2041 993 2089 iterum
1042 2058 1139 2089 cum
1173 2042 1354 2106 imperio
1389 2041 1577 2105 redfflt.

250 2112 407 2163 Nullo
419 2110 508 2176 suo
528 2112 680 2161 merito
696 2128 795 2158 eum
815 2110 920 2157 αητὲ
944 2110 1277 2174 implacabilem
1299 2109 1575 2178 infiefmffie:

251 2181 370 2246 quid
397 2217 411 2240 ‚
459 2182 624 2229 iratum
651 2179 774 2247 qubd
805 2180 999 2225 Romam
1033 2180 1086 2226 de
1110 2177 1160 2239 se
1186 2180 1379 2244 questum
1412 2179 1576 2244 veniffit

250 2250 442 2299 Siculos
461 2248 584 2312 sciat
610 2286 628 2308 ,
665 2247 894 2314 fhft‘urum
915 2248 942 2294 ,Ρ
977 2247 1121 2295 Obrm'
1156 2250 1317 2295 AEtfzae
1355 2249 1538 2314 ignibus
1557 2285 1574 2309 ,

255 2332 342 2369 aut
384 2319 517 2384 mergi
535 2315 656 2382 freto
678 2355 694 2379 ,
723 2314 881 2380 satius
911 2314 987 2363 illi
1013 2313 1169 2378 insula:
1192 2314 1270 2381 effi
1288 2353 1305 2375 ,
1337 2318 1472 2382 qua¹m
1501 2336 1579 2369 νε-

321 2433 350 2472 7
374 2417 439 2459 Ne
463 2433 572 2474 quem
589 2419 754 2461 militem
765 2420 889 2475 fhce-
1017 2420 1043 2463 8
1064 2418 1115 2461 Se
1131 2449 1140 2462 .
1156 2448 1166 2464 .
1184 2419 1323 2474 ‚fitam
1336 2420 1576 2475 quc'squepa-

259 2493 344 2521 rent
361 2498 376 2530 3
397 2483 477 2535 qui.
496 2510 507 2522 .
521 2511 531 2523 .
545 2479 738 2537 fitz'ffent]
762 2481 888 2526 Poffis
953 2485 1071 2524 triam
1087 2513 1097 2524 .
1111 2513 1121 2525 .
1135 2513 1146 2525 .
1164 2513 1175 2524 .
1203 2482 1402 2524 reliezuros
1432 2484 1448 2536 ]
1478 2483 1576 2524 Non

261 2556 477 2595 exponere
497 2574 511 2591 ,
541 2556 593 2584 ex
622 2544 669 2585 iis
703 2547 770 2599 qui
784 2545 889 2599 fiiis-‘-
954 2546 1185 2586 dubitamus
1232 2543 1449 2598 legendum
1497 2545 1576 2587 esse

250 2604 360 2657 slent.
381 2604 462 2644 Sed
484 2606 717 2659 expeditius
742 2606 784 2653 ὅ(
803 2621 889 2650 me·
953 2622 1134 2662 quemque
1168 2624 1183 2657 ,-
1240 2606 1396 2662 alioqui
1431 2605 1576 2652 solaeca

260 2666 341 2710 lius
368 2668 448 2709 erit
465 2701 475 2721 ‚
494 2667 643 2724 fmffet.
954 2668 1056 2711 esset
1087 2669 1238 2712 oratio,
