1649 3104
7 0 30 184 -ο-ψ-ιιςνινὶᾑ

36 144 39 152 f
38 116 41 122 ,
32 0 39 29 -.

352 120 706 182 LIBER
788 120 1029 183 XXX.
1224 137 1334 200 373

8 218 186 286 *i'fmidae
241 220 581 287 jaculabantur.
631 220 781 270 Simul
829 222 882 270 &
937 221 1153 286 peditum
1207 220 1534 285 legioU.c.54<};

5 290 333 339 ,¹duodecirna
365 328 379 350 ‚
422 308 592 356 magna
648 306 706 337 ex
754 303 886 355 parte
937 289 1053 336 caesa
1088 326 1102 348 ‚
1148 279 1536 353 pudore²·C·203·

15 358 197 424 {magis
229 358 372 424 quam
409 360 586 407 viribus
624 358 819 406 tenebat
860 357 1059 415 locum3
1093 373 1182 403 nec
1230 355 1336 403 diu-

44 425 137 474 tius
185 424 402 474 tenuisset
434 461 449 484 ‚
496 428 544 474 ni
596 442 654 473 ex
706 423 916 473 subsidiis
960 425 1101 473 tertia
1150 424 1340 472 decima

17 487 175 558 *legio
207 495 255 541 in
291 494 493 559 primam
531 494 683 541 aciem
720 491 910 541 inducia
933 529 950 551 ‚
985 490 1210 559 proelium
1255 490 1341 538 du-

12 583 20 595 -·
43 559 179 608 bium
239 559 510 628 excepisset.
560 560 709 627 Mago
766 576 961 626 quoque
1011 577 1070 607 ex
1124 556 1341 606 subfidiis

46 624 216 675 Gallos
251 631 443 695 integrae
487 628 666 694 legioni
708 626 947 693 opposuit.
987 625 1180 691 Quibus
1215 623 1344 673 haud

5 705 18 711 ·
45 710 224 760 magno
267 696 525 744 certamine
560 694 670 742 fusis
695 732 712 754 ,
743 693 906 742 hastati
945 695 1148 761 legionis
1188 693 1347 741 unde-

21 762 183 811 vcimae
229 762 524 830 conglobant
564 762 659 810 sese
685 799 701 822 ‚
741 776 885 828 atque¹
931 762 1209 827 elephantos
1241 758 1345 827 (3)

7 877 9 879 ,
42 826 141 894 jam
181 831 324 879 etiarn
361 830 577 897 peditum
612 831 765 879 aciem
801 827 1045 877 turbantes
1079 828 1345 877 invadunt:

6 919 8 930 2
42 898 89 946 in
153 915 274 964 quos
337 915 483 964 quum
543 898 637 963 pila
695 896 939 946 confertos
998 894 1308 962 conjecissent
1329 929 1345 953 ,

42 964 176 1013 nullo
225 963 378 1015 ferme
427 964 594 1014 frustra
643 964 807 1015 emisso
837 1001 852 1024 ‚
902 982 1072 1013 omnes
1117 979 1244 1013 retro
1291 965 1343 1010 in

43 1034 199 1080 aciem
227 1032 418 1083 suorum
455 1049 763 1083 averterunt:
790 1047 995 1099 quatuor
1026 1033 1204 1098 gravati
1235 1031 1346 1079 vul-

39 1100 232 1148 neribus
268 1116 563 1150 corruerunt.
604 1100 733 1149 Tum
769 1103 921 1167 prima
955 1114 1201 1148 commota
1235 1097 1341 1146 hos-

38 1170 159 1216 tium
191 1169 346 1228 acies,
381 1168 516 1217 simul
547 1169 771 1218 omnibus
799 1169 1040 1234 peditibus
1063 1205 1079 1226 ,
1114 1182 1164 1214 ut
1196 1182 1341 1214 aver-

4 1253 18 1271 v
39 1234 114 1283 sos
143 1234 312 1285 videre
346 1236 627 1302 elephantos
651 1274 663 1292 ‚
696 1237 754 1284 ad
793 1236 1063 1302 augendum
1101 1249 1339 1300 pavorem

39 1320 94 1351 ac
124 1305 379 1352 tumultum
410 1303 581 1353 effusis.
612 1302 707 1352 Sed
740 1304 896 1352 donec
923 1303 1048 1351 stetit
1075 1317 1180 1350 ante
1205 1300 1336 1368 figna

39 1369 191 1437 Mago
216 1410 227 1428 ,
271 1372 470 1440 gradum
513 1370 680 1422 senfim
721 1372 981 1422 referentes
1023 1370 1215 1419 ordines
1261 1385 1339 1417 te-

35 1455 207 1488 norem
257 1457 427 1506 pugnae
477 1439 766 1490 servabant:
800 1439 1108 1506 posteaquam
1153 1436 1333 1486 femine

37 1506 267 1556 transfixo
297 1509 551 1557 cadentem
574 1547 588 1567 ,
622 1507 889 1574 auferrique
921 1525 979 1556 ex
1009 1507 1185 1573 proelio
1218 1523 1334 1573 pro-

35 1590 96 1642 pe
127 1574 414 1643 exsanguem
440 1576 608 1625 videre
633 1613 647 1636 ‚
676 1576 921 1642 extemplo
952 1577 1000 1623 in
1034 1575 1195 1641 fugam
1227 1591 1335 1622 om-

18 1659 123 1693 .nes
155 1642 388 1693 verfizad
419 1646 626 1710 quinque
652 1645 797 1692 millia
825 1642 1029 1692 hostium
1058 1660 1119 1691 eo
1141 1642 1217 1690 die
1246 1660 1336 1690 cae·

33 1708 79 1757 sa
100 1746 115 1766 ,
156 1711 208 1759 ὅ(
235 1710 361 1778 figna
392 1712 608 1761 militaria
640 1713 738 1761 duo
762 1714 812 1762 &
841 1713 1009 1778 viginti
1041 1725 1192 1777 capta.
1225 1710 1334 1759 Nec

34 1775 266 1826 Romanis
305 1781 549 1828 incruenta
585 1779 784 1829 vicioria
819 1778 939 1829 fuit:
965 1779 1062 1827 duo
1102 1778 1247 1827 millia
1283 1779 1338 1828 &

35 1848 237 1894 trecenti
271 1846 332 1895 de
373 1850 588 1896 exercitu
622 1850 839 1913 praetoris
862 1886 876 1908 ‚
910 1864 1014 1913 pars
1048 1847 1200 1895 multo
1233 1863 1340 1894 rna-

34 1914 164 1961 xima
212 1932 271 1962 ex
313 1915 504 1981 legione
549 1916 872 1975 duodecima,
917 1913 1234 1963 amiffi:inde
1282 1914 1336 1963 &

33 1981 208 2028 tribuni
256 1983 461 2030 militum
509 1983 645 2040 duo,
684 1983 757 2032 M.
806 1982 1112 2041 Cosconius,
1155 1984 1206 2032 &
1254 1980 1333 2032 Μ.

33 2045 238 2097 Maenius
261 2052 444 2098 :tertiae
480 2050 677 2099 decimae
724 2068 917 2118 quoque
952 2052 1155 2117 legionis
1180 2087 1194 2109 ‚
1225 2067 1333 2114 quae

33 2115 279 2182 postremo
320 2118 495 2183 proelio
531 2116 766 2177 affuerat,
805 2118 897 2169 Cn.
929 2119 1139 2182 Helvius
1177 2119 1332 2168 tribu·-

32 2200 118 2232 nus
162 2185 366 2232 militum
411 2187 459 2233 in
505 2184 791 2235 restituenda
828 2205 985 2254 pugna
1023 2188 1232 2247 cecidit,
1277 2185 1332 2235 &

31 2251 128 2299 duo
161 2254 211 2302 &
243 2253 412 2320 viginti
449 2251 598 2302 ferme
633 2256 815 2320 equites
844 2254 1047 2303 illustres
1077 2255 1238 2303 obtriti
1269 2253 1334 2302 ab

30 2319 332 2384 elephantiS,
371 2339 480 2370 cum
514 2323 869 2371 centurionibus
908 2323 1123 2389 aliquot,
1166 2322 1330 2387 perie-

11 2401 163 2449 ⁴runt:
192 2387 245 2438 &
291 2388 478 2453 longius
523 2405 765 2439 certarnen
813 2389 997 2448 fuisset,
1031 2392 1080 2438 ni
1125 2390 1328 2441 vulnere

34 2455 171 2504 ducis
203 2456 418 2505 concessa
453 2456 651 2508 vicioria
679 2457 809 2508 effer.

1362 1426 1535 1471 Vincam

89 2603 110 2647 3
156 2593 246 2635 Iam
299 2598 416 2635 etiam
468 2598 644 2650 peditum
706 2599 823 2638 etiam
848 2595 1010 2638 videtur
1033 2591 1100 2636 hic
1129 2595 1223 2635 ideo
1250 2596 1326 2635 ad-

20 2655 148 2707 ficiem
178 2656 411 2715 turbantes]
439 2656 643 2704 Particula
705 2660 789 2704 dita
823 2675 845 2703 a
875 2658 992 2703 Livio
1014 2690 1028 2714 ,
1064 2658 1158 2715 quia
1193 2657 1324 2714 ptimo

1346 1493 1538 1549 Romani*
1612 1500 1624 1514 ·
