1649 3104
249 118 295 176 L
340 130 442 174 113
490 133 608 175 En
690 100 1082 181 xxv111.
1201 132 1314 204 193*

22 211 191 268 decem
225 216 433 265 millibus
474 217 729 283 peditum,
780 218 833 267 &
878 220 1011 268 mille
1062 221 1527 288 equitum,U.g.545.

21 284 80 334 ad
124 285 498 351 oppugnandam
551 284 953 350 opulentiffimam
1001 289 1050 335 in
1101 292 1158 337 iis
1197 291 1314 340 locis
1335 281 1526 330 a.L.207.

22 351 188 402 urbem
209 389 219 409 ,
251 351 328 418 (7)
352 351 559 420 Oringin
584 353 768 402 barbari
792 354 1094 420 appellabant
1117 393 1130 416 ,
1153 359 1319 409 mittit.

20 418 118 470 Sita
154 421 202 468 in
237 417 492 469 Meleffum
523 420 694 469 finibus
733 420 834 481 est,
871 422 1093 489 Hispanae
1132 428 1317 491 gentis:

22 505 134 555 ager
158 487 387 553 frugifer,
424 504 672 556 argentum
713 490 859 537 etiam
890 491 1061 538 incolae
1090 490 1281 541 fodiunt
1303 510 1321 542 ι

25 555 84 605 ea
118 573 201 603 arx
240 558 327 603 fuit
361 555 615 604 Asdrubali
661 557 720 604 ad
763 557 1069 606 excursiones
1110 561 1233 609 circa
1272 563 1322 609 in

26 623 402 675 mediterraneos
437 624 647 688 populos
675 624 932 674 faciendas.
967 625 1126 692 Scipio
1162 627 1324 677 castris

25 698 179 760 prope
221 690 389 739 urbem
439 690 638 755 posim,
679 692 952 759 priusquam
994 695 1326 744 circumvalla·

26 773 98 809 ret
129 758 327 818 urbem,
358 756 483 806 mifit
518 759 577 806 ad
607 775 768 824 portas
791 798 806 821 ,
837 763 918 826 qui
955 778 1014 808 ex
1044 765 1324 831 propinquo

27 826 239 892 'alloquio
279 827 463 874 animos
508 840 748 876 tentarent
782 864 796 887 ,
848 828 1195 896 suaderentque
1219 869 1233 891 ‚
1271 845 1325 881 ut

28 895 284 943 amicitiam
321 895 483 959 potius
522 894 665 959 quam
701 897 802 944 vim
845 898 1175 962 experirentur
1214 899 1359 949 Ro·-

28 975 296 1011 rnanorum.
329 960 428 1009 Ubi
461 962 576 1010 nihil
609 963 760 1029 pacati
788 962 1196 1030 respondebatur,
1227 966 1330 1016 fos-

27 1028 78 1079 sa
119 1030 393 1096 duplicique
441 1029 569 1079 vallo
617 1032 910 1079 circumdat&
942 1033 1100 1091 urbe,
1145 1037 1193 1083 in
1229 1051 1328 1084 tres

31 1111 190 1166 partes
224 1098 487 1145 exercitum
523 1098 723 1157 dividit3
763 1114 814 1146 ut
841 1117 931 1146 una
963 1100 1151 1168 semper
1184 1122 1328 1168 pars,

30 1167 204 1232 quietis
253 1165 440 1211 interim
498 1165 680 1214 duabus
711 1203 726 1226 ‚
789 1185 1108 1234 oppugnaret.
1172 1170 1330 1221 Prima

30 1249 136 1299 pars
176 1248 322 1298 quum
359 1232 528 1280 adorta
566 1251 843 1300 oppugnare
897 1236 965 1284 est
988 1273 1004 1294 ‚
1048 1253 1185 1287 atrox
1219 1239 1328 1288 sani:

34 1301 87 1349 &
118 1317 292 1365 anceps
321 1300 542 1364 proelium
574 1301 662 1350 fuit
697 1319 706 1347 :
745 1319 840 1350 non
873 1302 1028 1352 subire
1052 1342 1066 1364 ,
1099 1323 1197 1354 non
1230 1307 1335 1355 sca·

34 1364 100 1416 las
147 1366 270 1415 ferre
307 1367 366 1415 ad
407 1385 571 1418 muros
612 1387 708 1435 prae
758 1370 1078 1420 incidentibus
1114 1374 1220 1422 telis
1262 1374 1331 1423 fa-

32 1436 124 1484 cile
161 1449 261 1483 erat
286 1453 295 1483 :
327 1436 377 1484 ὃ(
397 1433 488 1498 jam
509 1475 524 1496 ,
545 1440 625 1503 qui
653 1453 902 1486 erexerant
923 1440 980 1487 ad
1010 1458 1199 1489 murum
1232 1441 1329 1491 sca·

33 1503 103 1568 ias
129 1540 145 1561 ,
193 1504 270 1550 aiii
307 1501 451 1552 furcis
497 1505 555 1552 ad
595 1504 794 1571 idipsum
843 1506 974 1555 ἠθάς
1009 1509 1334 1559 detrudeban-

33 1584 109 1618 tur
129 1607 142 1628 ,
176 1572 223 1618 in
254 1569 372 1618 alios
403 1570 482 1637 (8)
517 1573 613 1638 lupi
645 1573 844 1638 superne
873 1573 1014 1624 ferrei
1046 1575 1206 1641 injeffi
1230 1614 1245 1637 ,
1276 1593 1332 1629 ut

34 1639 83 1686 in
117 1638 328 1703 periculo
373 1638 553 1697 essent,
589 1658 651 1688 ne
689 1641 890 1707 suspensi
935 1647 982 1691 in
1018 1660 1206 1694 murum
1246 1663 1334 1695 ex-

37 1707 350 1754 traherentur.
403 1705 559 1771 Quod
611 1709 693 1756 ubi
737 1710 1072 1760 animadvertit
1129 1713 1331 1780 Scipio,

33 1774 184 1837 nimia
228 1775 462 1837 paucitate
514 1774 707 1825 suorum
747 1794 1047 1843 exaequatum
1087 1796 1335 1833 certamen

15 1839 159 1904 -esse,
187 1843 326 1890 etiam
351 1858 410 1889 eo
442 1840 662 1908 superare
692 1843 907 1904 hostem,
938 1846 1071 1914 quod
1102 1865 1160 1896 ex
1188 1867 1332 1900 muro

35 1905 299 1976 pugnaret3
331 1908 511 1958 duabus
550 1910 687 1960 simul
721 1914 963 1978 partibus,
1006 1916 1159 1980 prima
1194 1934 1332 1967 rece-

35 1976 146 2043 pta,
173 1977 344 2025 urbem
378 1976 444 2025 est
476 1978 726 2045 aggreffuS.
761 1979 891 2044 Quae
923 1999 1009 2030 res·
1030 1996 1212 2033 tantum
1244 2003 1331 2051 pa-

33 2045 170 2092 ‘voris
200 2043 363 2110 injecit
399 2044 522 2093 fesfis
555 2045 653 2111 jam
687 2065 795 2097 cum
832 2052 997 2115 primis
1032 2056 1291 2118 pugnando
1314 2091 1334 2113 ,

32 2114 90 2160 *ut
127 2113 178 2162 ὅ(
214 2112 441 2178 oppidani
485 2117 663 2165 moenia
699 2117 951 2181 repentina
996 2117 1108 2186 fuga
1145 2121 1335 2170 desere·

42 2196 185 2241 ren13
236 2182 288 2229 ὃ(
321 2178 550 2243 Punicum
588 2183 860 2250 praefidium
903 2200 1069 2249 metu,
1107 2206 1168 2238 ne
1214 2208 1335 2256 pro-

101 2354 129 2393 7
150 2339 346 2397 Oringin]
366 2339 464 2381 Haec
481 2342 576 2382 urbs
595 2339 656 2381 vi·
719 2341 768 2382 da
781 2372 793 2390 ,
813 2351 928 2395 patet
948 2356 1001 2383 ex
1020 2343 1116 2384 Ioco
1135 2344 1237 2385 Livii
1254 2359 1337 2386 mo·

32 2400 158 2442 'detur
194 2403 335 2442 eadem
381 2401 461 2442 effe
507 2418 594 2456 quae
626 2403 656 2446 1.
719 2403 772 2444 do
807 2413 1050 2445 memorato.

33 2455 199 2506 XXIV,
219 2478 253 2504 e.
276 2479 349 2515 42.
369 2464 470 2505 dieta
493 2464 547 2504 est
571 2464 661 2505 Au-
785 2465 808 2506 8
827 2465 949 2521 Lupi.
964 2499 973 2509 .
995 2466 1159 2522 .ferrei]
1176 2466 1337 2510 Ferreae

43 2526 155 2576 rinx,
183 2525 263 2565 imo
288 2527 394 2566 idem
426 2539 575 2566 nomen
597 2527 656 2566 di-
721 2528 899 2581 quaedam
932 2529 1133 2568 machinae
1155 2561 1165 2580 ,
1199 2544 1337 2581 uncae,

41 2586 268 2628 'versnnod'e
314 2588 518 2641 scriptum.
563 2587 660 2628 Non
722 2588 868 2631 similes
891 2590 1125 2645 lupinorum
1142 2592 1343 2635 dentium.

38 2649 186 2703 'ptocul
206 2648 373 2690 abfuisse
393 2663 480 2691 eam
501 2664 523 2690 a
543 2649 663 2695 Mun-

191 2710 321 2758 Tome
361 2709 445 2758 IV.
1054 2710 1077 2760 I
