1649 3104
308 128 424 195 350
708 110 783 175 T.
856 115 1207 175 L1v11
1648 143 1649 232 ᾖ

97 203 287 264 U·C·549·
293 207 395 280 jam
417 212 669 279 fintnztz'a,
695 213 776 279 fia
811 214 1099 282 consulendus
1139 211 1380 280 Asdrubal
1411 208 1455 262 6⁴
1491 213 1610 265 Car·-
1648 244 1649 251 κ

92 261 595 349 ²·C·203·thaginienfts
629 282 757 349 qffent
775 315 791 340 ,
834 284 1084 348 confideret.
1127 283 1314 349 Tempus
1358 280 1438 348 ff
1460 309 1507 340 ‚-
1523 294 1604 332 auc

292 367 453 417 pacem
495 352 727 417 componi,
770 366 850 398 aut
897 351 1054 400 bellum
1091 351 1266 398 naviter
1311 352 1420 417 geri.
1459 349 1595 400 Dum

297 417 563 468 consulitur
593 416 834 468 Asdrubal
858 419 917 466 ab
953 416 1214 484 Syphace,
1243 418 1302 467 ab
1331 417 1602 468 Asdrubale

297 482 748 554 Carthaginienses;
794 485 845 535 &
885 481 1209 553 speculatores
1244 487 1410 535 omnia
1442 484 1606 535 visen-

300 553 350 602 di
377 589 391 614 ‚
427 556 480 606 δι
516 553 677 621 Scipio
715 553 776 601 ad
816 553 1140 621 comparanda
1183 571 1239 604 ea
1276 572 1380 620 quae
1414 557 1463 602 in
1498 570 1608 604 rem

300 636 437 672 erant
461 659 478 681 ‚
514 638 705 687 ternpus
743 621 922 671 habuit.
953 620 1013 672 Et
1050 639 1110 671 ex
1147 624 1397 672 mentione
1436 639 1490 671 ac
1521 620 1605 689 spe

303 691 435 756 pacis
472 690 796 757 negligentia,
837 705 889 738 ut
922 688 1012 749 fit,
1050 690 1177 755 apud
1221 689 1399 739 Poenos
1435 688 1610 739 Numi·-

302 758 512 824 damque
540 773 645 807 orta
678 758 918 818 cavendi,
950 774 1011 806 ne
1051 759 1167 825 quid
1202 756 1374 807 hostile
1409 759 1606 808 interim

303 840 597 892 paterentur.
632 823 859 875 Tandem
897 827 1099 875 relatum
1138 825 1451 893 responsum,
1500 828 1607 894 qui-

301 895 502 943 busdam
539 892 697 961 (quia
735 894 877 943 nimis
925 911 1102 961 cupere
1140 894 1389 944 Romanus
1432 911 1606 960 pacem

299 961 609 1028 videbatur)
662 963 835 1029 iniquis
876 979 963 1030 per
1010 962 1315 1011 occasionem
1363 960 1604 1025 adjecti33

299 1046 408 1095 quae
470 1032 837 1097 peropportune
898 1032 1107 1097 cupienti
1160 1031 1332 1080 tollere
1390 1029 1604 1081 inducias

298 1096 516 1165 Scipioni
552 1096 737 1146 causam
782 1096 1051 1164 praebuere.
1092 1098 1166 1148 Ac
1205 1099 1384 1148 nuncio
1430 1100 1556 1166 regis
1587 1135 1604 1161 ‚

297 1183 446 1231 quum
487 1167 746 1215 relaturum
787 1165 832 1214 se
867 1167 926 1215 ad
964 1165 1212 1216 consilium
1247 1165 1434 1216 dixisset
1461 1203 1476 1225 ,
1508 1185 1604 1233 po·

295 1234 424 1283 stero
469 1235 548 1283 die
599 1234 885 1299 respondit,
935 1237 994 1283 Se
1045 1252 1130 1283 uno
1169 1233 1335 1302 frustra
1382 1237 1606 1296 tendente,

297 1301 411 1351 nulli
457 1302 540 1351 alii
583 1320 739 1368 pacem
788 1300 1017 1368 placuiſjb.
1070 1302 1368 1352 Renunciaret
1423 1303 1558 1369 igitur
1585 1341 1602 1364 ,

294 1372 466 1420 nullam
506 1371 644 1420 aliam
681 1370 804 1436 spem
846 1373 1010 1437 pacis,
1049 1369 1178 1437 qua'm
1222 1372 1377 1419 reliblis
1419 1374 1605 1422 Cartha-

291 1440 559 1506 ginienfibus
580 1477 596 1497 ‚
627 1441 830 1504 Syphaci
860 1457 956 1487 cum
994 1440 1212 1489 Romanis
1249 1439 1342 1504 effi.
1381 1438 1448 1488 Ita
1475 1441 1605 1491 tollit

292 1508 538 1565 inducias,
575 1523 626 1556 ut
663 1508 813 1556 libera
851 1506 947 1556 fide
989 1511 1182 1573 incepta
1217 1508 1554 1574 exsequeretur
1587 1527 1600 1562 ε

291 1573 604 1643 deduciisque
642 1576 843 1625 navibus
887 1576 969 1643 (&
1014 1574 1107 1640 jam
1146 1579 1274 1627 veris
1310 1578 1596 1643 principium

292 1646 431 1708 erat)
462 1645 702 1693 machinas
736 1658 1075 1711 tormentaque
1097 1682 1111 1703 ‚
1149 1645 1282 1694 velut
1312 1663 1339 1693 a
1373 1649 1492 1694 mari
1521 1663 1605 1714 ag-

289 1711 525 1778 greffurus
557 1713 786 1773 Uticam,
825 1714 1052 1780 imponit.
1090 1711 1150 1762 Et
1188 1713 1287 1762 duo
1329 1715 1479 1763 millia
1514 1717 1604 1762 mi-

287 1781 427 1829 litum
461 1781 521 1830 ad
555 1781 845 1848 capiendum
866 1817 879 1840 ‚
910 1798 1056 1848 quesn
1086 1796 1224 1831 antea
1251 1796 1500 1841 tenuerat,
1526 1797 1604 1831 tu-

283 1850 474 1899 mulum
517 1848 656 1914 supet
695 1847 891 1899 Uticam
930 1852 1109 1909 mittit3
1145 1846 1285 1898 fimul
1329 1865 1380 1899 ut
1427 1853 1485 1901 ab
1537 1868 1600 1901 eo

282 1918 420 1983 quod
454 1918 682 1984 parabat,
714 1919 762 1966 in
797 1917 990 1967 alterius
1022 1919 1091 1966 rei
1131 1935 1292 1968 curam
1329 1933 1592 1969 converte-

282 2000 357 2034 ret
395 1985 604 2035 hostium
641 1988 860 2046 animos3
887 1985 1024 2035 simul
1057 2004 1118 2034 ne
1150 2003 1276 2052 qua,
1311 2005 1460 2052 quum
1493 1986 1594 2052 ipse

280 2054 343 2102 ad
381 2052 661 2120 Syphacem
702 2053 1119 2122 Asdrubalemque
1165 2054 1409 2120 profec'tus
1446 2053 1593 2117 esset,

283 2126 475 2190 eruptio
505 2140 564 2172 ex
594 2123 713 2172 urbe
744 2124 796 2172 &
829 2125 1040 2189 impetus
1072 2126 1121 2172 in
1147 2121 1297 2173 castra
1322 2123 1400 2173 sua
1432 2123 1593 2174 relicia

284 2209 397 2240 cum
427 2192 525 2240 levi
560 2190 786 2257 praesidio
820 2189 977 2242 fieret.

100 2248 264 2322 fnff’ssfi
353 2258 417 2307 V.
466 2259 557 2308 His
601 2261 915 2326 praeparatis,
955 2261 1295 2328 advocatoque
1354 2259 1552 2310 consilio
1578 2298 1596 2322 ,

69 2316 264 2368 ‘malm'
285 2329 477 2377 edicere
527 2328 914 2392 exploratoribus
960 2326 1130 2395 juffis,
1185 2348 1291 2395 quae
1338 2345 1594 2396 comperta

66 2387 132 2416 '²⁶'
283 2395 510 2446 afferrent
534 2434 547 2455 ‚
573 2394 938 2463 Masiniffaque,
967 2399 1043 2446 cui
1076 2400 1234 2446 omnia
1263 2398 1471 2447 hostium
1499 2415 1597 2446 no·
1648 2424 1649 2462 3

284 2480 333 2515 ta
371 2480 539 2526 erant3
583 2462 826 2531 postremo
867 2463 964 2531 ipse
1008 2466 1124 2534 quid
1167 2481 1353 2533 pararet
1392 2467 1440 2515 in
1483 2484 1596 2533 pro·
1648 2466 1649 2516 l

277 2615 334 2643 ret
366 2602 504 2654 statim
546 2601 792 2658 respon-sitm,
836 2603 905 2644 vel
972 2605 1080 2644 enim
1113 2603 1324 2658 confideret
1359 2602 1426 2649 hic
1459 2605 1598 2649 locum

276 2666 384 2707 aliud
418 2666 513 2722 quid
542 2664 667 2708 simile
698 2680 709 2710 z
738 2667 908 2710 verbum
972 2681 1058 2709 non
1089 2667 1231 2712 habet.
