1649 3104
291 85 668 166 *LIBER
750 94 1036 172 XXVI.
1256 124 1329 185 73

33 217 188 254 terem
225 205 445 255 favorem
489 203 589 269 ejus
628 203 707 252 sua
746 204 938 270 insuper
970 204 1152 254 invidia
1186 207 1333 253 auxit.
1357 198 1551 265 U·9·542«'

33 270 209 340 Neque
231 275 309 322 ille
340 275 670 340 indignitatem
691 271 874 336 injuriae
894 272 1001 320 tulit
1021 308 1035 330 ,
1059 271 1334 320 confestim·
1356 255 1548 297 ³3³¹&

33 358 128 406 que
156 342 215 389 ad
249 341 495 390 Laevinum
526 341 743 389 occultos
770 341 972 388 nuncios
996 338 1119 387 misit
1151 341 1211 387 de
1236 347 1332 387 tra-'-

5 408 195 456 ‘dendo
230 410 515 476 Agrigento.
549 408 636 456 Per
671 406 793 474 qu'os
828 422 878 455 ut
912 406 979 455 est
1012 405 1135 454 facia
1165 405 1287 454 fides
1319 444 1333 466 ‚
1413 412 1536 469 Agri-

33 475 419 543 compositusque
445 479 513 524 rei
541 476 766 543 gerendae·
791 474 966 523 modus
990 512 1004 534 ‚
1040 489 1231 541 portam
1273 475 1331 521 ad
1351 488 1506 529 gentum

35 561 166 592 mare
192 543 427 593 ferentem
459 544 682 592 Numidae
706 561 851 608 quum
869 541 1203 608 occupassent,
1226 542 1330 608 pul·
1352 537 1551 604 Komara-

36 609 95 659 fis
126 613 238 660 inde
285 612 559 661 custodibus
588 649 605 668 ,
657 625 735 659 aut
770 609 897 659 caefis
928 647 942 671 ,
992 610 1241 658 Romanos
1276 610 1335 656 ad
1356 598 1498 667 ‘³¹²³‘7320

38 679 240 745 idipsum
270 679 427 728 missos
465 682 512 728 in
544 679 713 726 urbem
747 693 1051 744 acceperunt.
1098 677 1158 726 Et
1187 695 1339 743 quum

36 749 227 814 agmine
261 747 356 815 jam
394 749 443 795 in
482 746 640 796 media
677 747 806 794 urbis
858 764 911 793 ac
953 745 1112 794 forum
1157 764 1337 812 magno

40 814 245 863 tumultu
283 817 465 873 iretur,
513 812 640 862 ratu&
676 814 852 862 Hanno
885 831 984 861 non
1033 814 1157 861 aliud
1194 815 1340 880 'quam

37 883 292 933 tumultum
316 901 368 929 ac
397 880 708 930 secesfionem
735 881 756 947 (
777 882 825 929 id
844 881 975 948 quod
1013 882 1064 930 &
1086 882 1193 929 ante
1212 885 1341 931 acci-

18 948 204 1016 derat)
224 949 542 998 Numidarum
561 950 676 1008 effe,
698 951 757 997 ad
777 950 1191 1014 comprimendam
1217 950 1343 998 sediae‘

33 1019 220 1067 tionem
248 1016 485 1084 proceffit.
510 1018 671 1084 Atque
692 1018 772 1066 ille
791 1056 804 1078 ‚
840 1036 987 1084 quum
1009 1019 1051 1066 ei
1074 1018 1336 1068 multitudo

36 1083 354 1152 majonquam
374 1085 693 1134 Numidarum
727 1087 894 1152 procul
914 1085 1010 1134 visa
1031 1124 1043 1144 ‚
1081 1087 1132 1135 &
1151 1086 1335 1135 clamor

37 1152 187 1202 Rom.
220 1154 583 1219 haudquaquam
606 1155 795 1220 ignotus
825 1154 884 1202 ad
905 1171 1040 1202 aures
1062 1153 1334 1219 accidisset,

35 1220 306 1288 priusquam
325 1221 384 1270 ad
405 1221 548 1270 icium
570 1222 651 1270 teli
668 1223 856 1270 veniret
873 1260 888 1283 ‚
919 1220 1111 1288 capeffit
1140 1221 1299 1289 fugam
1320 1240 1334 1272 ε

37 1307 127 1356 per
151 1289 358 1338 aversam
385 1303 575 1355 portam
614 1288 803 1338 emissus
831 1327 846 1348 ‚
889 1288 1123 1356 assumpto
1152 1292 1335 1339 comite

39 1358 263 1424 Epicyde
284 1396 296 1414 ,
321 1375 429 1405 cum
452 1358 610 1423 paucis
649 1358 707 1406 ad
739 1374 870 1406 mare
897 1360 1154 1423 pervenit3
1189 1357 1336 1405 nacti-

39 1442 134 1491 que
156 1427 428 1492 opportune
457 1443 658 1491 parvum
682 1427 925 1492 navigium
953 1464 963 1482 ‚
996 1425 1156 1473 relicta
1192 1424 1338 1473 hosti-

39 1493 129 1541 bus
149 1491 306 1542 Sicilia
324 1531 342 1551 ‚
377 1493 437 1541 de
459 1512 551 1560 qua
572 1511 658 1559 per
680 1508 752 1544 tot
772 1511 920 1542 annos
949 1509 1181 1542 certatum
1201 1508 1338 1551 erat,

40 1561 90 1609 in
125 1560 339 1610 Africam
369 1559 670 1625 trajecerunt.
713 1562 823 1611 Alia
864 1562 1124 1611 multitudo
1160 1561 1337 1610 Poeno-

41 1645 147 1678 rum
179 1627 578 1695 Siculorumque,
617 1647 676 1678 ne
709 1644 892 1678 tentato
945 1631 1139 1696 quidem
1189 1644 1337 1678 certa-

43 1697 174 1746 mine
202 1734 216 1757 ,
250 1714 399 1762 quum
426 1698 550 1746 coeci
580 1699 628 1744 in
654 1697 814 1765 fugam
837 1712 1029 1747 ruerent
1052 1736 1069 1757 ‚
1095 1697 1340 1764 clausique

42 1765 196 1813 exitus
235 1763 382 1814 effent
416 1804 434 1824 ‚
482 1767 605 1814 circa
637 1781 798 1832 portas
832 1765 966 1815 caesa.
1017 1764 1224 1832 Oppido
1265 1783 1337 1814 re-

43 1846 190 1897 cepto
227 1832 449 1882 Laevinus
481 1872 494 1890 ,
544 1835 625 1899 qui
673 1836 828 1901 capita
873 1851 1034 1882 rerum
1076 1829 1337 1901 Agrigenti

43 1914 179 1950 erant
207 1935 223 1958 ‚
264 1901 410 1968 virgis
460 1901 606 1950 caesos
652 1899 801 1951 securi
847 1900 1104 1968 percuffit:
1146 1917 1337 1950 ceteros

44 1967 353 2035 praedamque
397 1968 615 2018 vendidit
652 1988 662 2018 ε
706 1988 904 2019 omnem
940 1972 1191 2037 pecuniam
1226 1969 1338 2018 Ro-

43 2053 175 2085 mam
205 2036 345 2086 misit.
392 2036 535 2086 Fama
580 2036 1001 2105 Agrigentinorum
1033 2038 1199 2095 cladis·
1227 2037 1337 2086 Sici·
1404 2048 1550 2092 Sicilia

46 2104 161 2152 liam
193 2121 340 2170 quum
375 2104 647 2169 pervasisset
669 2142 683 2164 ‚
714 2109 875 2155 omnia
917 2107 1114 2172 repente
1143 2106 1205 2155 ad
1238 2106 1335 2155 Ro·
1358 2112 1500 2164 deserta
1522 2127 1551 2156 a

47 2188 216 2219 manos
249 2172 610 2221 inclinaverunt.
638 2172 832 2224 Prodita
861 2174 999 2223 brevi
1025 2173 1143 2222 ‘sunt
1170 2176 1342 2242 viginti
1359 2171 1504 2219 Poenis„

47 2238 264 2304 oppida3
300 2238 380 2288 sex
405 2242 455 2288 vi
495 2254 669 2307 capta;
711 2242 982 2299 voluntaria
1009 2242 1257 2291 deditione
1295 2244 1344 2291 in

48 2305 197 2354 fidem
222 2322 458 2356 venerunt
481 2309 539 2372 ad
570 2310 906 2378 quadraginta:
945 2328 1146 2377 quarum
1182 2310 1345 2358 civita·

45 2389 150 2422 tum
179 2375 469 2442 principibus
498 2395 646 2443 quum
671 2396 759 2445 pro
790 2378 1013 2445 cujusque
1034 2379 1203 2427 merito
1223 2396 1343 2427 con-

45 2441 116 2491 sul
156 2444 307 2506 pretia
354 2444 608 2511 poenasque
644 2446 914 2497 exsolvisset
948 2485 960 2508 ,
1018 2445 1344 2512 coegissetque

33 2507 231 2558 Siculos
248 2547 261 2568 ,
286 2510 449 2576 positis
478 2513 669 2566 tandem
701 2517 843 2564 armis
863 2552 877 2572 ‚
916 2515 976 2563 ad
997 2531 1161 2580 agrurn
1181 2513 1341 2563 colen-

47 2577 160 2625 dum
182 2580 363 2627 animos
387 2596 672 2631 convertere
690 2621 704 2644 ,
730 2598 781 2632 ut
811 2582 924 2633 effet
946 2600 1044 2630 non
1071 2582 1342 2630 incolarum

45 2644 194 2696 modo
231 2645 467 2698 alimentis
505 2648 729 2718 frugifera
756 2650 901 2701 insula
923 2688 936 2709 „
973 2649 1054 2698 sed
1083 2649 1213 2698 urbis
1238 2649 1341 2708 Ηυξ

116 2714 158 2763 T
155 2729 240 2764 om.
267 2715 356 2768 IV.
1090 2715 1144 2765 D
