1649 3104
93 198 211 251 ἴλας
222 211 286 250 50.

92 255 284 302 a.C.202.

308 111 423 191 398
710 114 1203 176 T.L1v11

303 211 447 261 icium
486 213 729 281 utrimque
778 213 1105 279 conjiciebant
1149 214 1300 266 hastas
1321 232 1339 279 3·
1376 232 1466 268 nec
1504 218 1605 287 pisa

301 281 362 328 ab
410 280 724 349 antesignanis
765 283 1037 344 cessabant3
1076 283 1233 334 donec
1275 286 1488 353 undique
1530 290 1606 337 in-

301 348 575 399 cidentibus
629 352 735 401 telis
784 350 934 399 exaffi
983 368 1042 398 ex
1095 351 1315 402 Romana
1362 356 1509 413 acie,
1554 354 1607 405 hi

303 434 502 484 quoque
547 422 595 468 in
635 419 719 469 suo
766 420 937 467 dextro
983 436 1134 468 cornu
1179 421 1307 487 ipsos
1351 420 1606 490 Carthagi-

301 485 536 536 niensium
573 489 760 555 equites
797 489 845 534 in
889 485 1049 552 fugam
1094 504 1360 538 verterunt.
1392 489 1603 550 Lae-lius,

301 568 355 602 ut
395 555 608 606 turbatos
649 555 771 605 vidit
806 553 967 604 hostes
996 593 1011 617 ,
1054 556 1189 606 addit
1233 557 1460 625 perculsis
1503 572 1606 608 ter-

301 638 482 672 rorem:

365 689 633 740 XXXIV.
670 690 930 757 Utrimque
969 693 1130 759 equite
1164 692 1339 742 nudata
1376 709 1475 743 erat
1505 693 1599 745 Pu-

298 759 405 808 nica
449 763 607 819 acies;
647 777 794 825 quum
836 759 989 826 pedes
1033 762 1309 820 concurrit,
1350 779 1439 811 nec
1481 761 1603 829 spe,

297 844 389 875 nec
419 827 599 875 viribus
631 825 727 892 jam
756 844 871 893 par:
899 828 958 875 ad
987 828 1079 876 hoc
1099 865 1113 886 ‚
1143 828 1267 876 dieiu
1297 847 1446 895 parva
1473 868 1485 890 ,
1518 829 1602 880 sed
1648 838 1649 888 ἴ

296 897 460 962 magni
488 895 661 944 eadem
694 898 742 943 in
768 914 819 943 re
852 896 1062 962 gerenda
1089 900 1323 945 momenti
1351 916 1456 955 res,
1487 916 1605 949 con-

295 979 470 1029 gruens
515 963 696 1013 clamor
741 981 767 1010 a
807 963 1085 1021 Romani5‚
1133 963 1292 1030 eoque
1343 964 1498 1031 major
1547 967 1602 1017 &

295 1030 596 1092 terribilior3
645 1030 837 1080 diffonae
887 1032 977 1080 illis
1006 1068 1020 1091 ,
1064 1046 1115 1080 ut
1167 1035 1380 1098 gentium
1427 1034 1605 1083 multa-

295 1116 403 1147 rum
432 1098 812 1167 discrepantibus
835 1099 1007 1167 linguis
1032 1137 1046 1157 ,
1078 1117 1225 1150 voces
1246 1117 1429 1168 :pugna
1451 1100 1603 1153 Rom.

296 1164 513 1226 stabilis,
555 1170 607 1219 &
644 1168 726 1218 suo
771 1169 824 1218 &
861 1185 1106 1217 armorum
1156 1170 1374 1235 pondere
1417 1170 1603 1219 incum-

293 1234 510 1285 bentium
550 1237 600 1284 in
649 1235 876 1297 hostem;
923 1235 1226 1286 concursatio
1271 1238 1324 1287 &
1369 1237 1609 1287 velocitas

291 1304 424 1353 illinc
473 1303 670 1370 major,
710 1303 853 1372 quam
898 1306 987 1353 vis.
1019 1303 1168 1371 Igitur
1212 1306 1373 1371 primo
1417 1306 1601 1373 impetu

292 1374 549 1440 extemplo
602 1390 808 1424 movere
863 1372 975 1423 Ioco
1031 1372 1238 1422 hostium
1294 1376 1447 1422 aciem
1495 1374 1603 1424 Ro-

292 1443 454 1490 mani:
477 1440 569 1509 (3)
601 1442 674 1491 ala
704 1440 879 1491 deinde
914 1442 966 1491 &
1003 1441 1294 1491 umbonibus
1325 1441 1563 1509 pulsantes
1584 1480 1603 1502 ‚

292 1511 342 1557 in
388 1509 657 1559 summotos
697 1510 845 1577 gradu
881 1510 1049 1570 illato,
1087 1511 1384 1577 aliquantum
1428 1509 1602 1577 spatii,

291 1577 428 1627 velut
468 1578 601 1628 nullo
642 1578 918 1637 resistente,
948 1575 1177 1627 incessere
1200 1616 1213 1639 ‚
1239 1579 1518 1645 urgentibus
1550 1579 1603 1630 &

289 1645 557 1696 noviffimis
594 1648 778 1712 primos
801 1685 813 1704 ‚
846 1661 898 1695 ut
934 1646 1081 1696 semel
1108 1662 1292 1696 motam
1320 1648 1472 1696 aciem
1504 1645 1606 1696 sen·

290 1714 433 1777 fere3
469 1717 602 1783 quod
639 1714 792 1781 ipsum
828 1716 930 1764 vim
968 1733 1190 1782 magnam
1222 1715 1281 1764 ad
1317 1715 1599 1781 pellendum

288 1782 480 1833 hostem
528 1784 750 1834 addebat.
794 1782 945 1850 Apud
987 1783 1184 1844 hostes,
1225 1785 1474 1834 auxiliares
1517 1801 1602 1834 ce-

289 1853 459 1901 dentes
511 1850 717 1902 secunda
761 1853 891 1901 acies
918 1891 929 1910 ,
968 1851 1077 1902 Afri
1108 1854 1159 1902 &
1188 1851 1606 1921 Carthaginienses

288 1921 413 1970 adeo
449 1938 549 1970 non
585 1919 874 1970 sustinebant
894 1958 909 1980 ‚
939 1936 990 1970 ut
1019 1919 1185 1970 contra
1223 1922 1364 1969 etiam
1389 1958 1404 1979 ,
1436 1938 1496 1969 ne
1522 1938 1600 1971 re-

288 1988 508 2038 sistentes
532 1991 837 2055 pertinaciter
860 1990 1042 2056 primos
1071 1989 1305 2038 caedendo
1335 1990 1394 2038 ad
1418 1988 1464 2038 se
1492 2006 1601 2055 per-

288 2058 478 2107 veniret
530 2057 679 2107 hostis
709 2095 723 2118 ‚
760 2058 940 2126 pedem
989 2056 1241 2107 referrent.
1277 2056 1426 2124 Igitur
1459 2059 1600 2106 auxi-

287 2125 430 2175 liares
470 2140 605 2192 terga
645 2127 760 2176 dant
804 2126 1041 2194 repente3
1073 2127 1125 2176 ὅ(
1148 2163 1163 2186 ‚
1196 2127 1245 2174 in
1289 2125 1397 2175 suos
1435 2124 1556 2174 versi
1579 2163 1601 2186 ,

287 2195 464 2261 partim
491 2195 711 2262 refugere
738 2197 786 2244 in
812 2195 1068 2245 secundam
1100 2197 1278 2254 aciem,
1304 2196 1478 2260 partim
1503 2212 1602 2244 non

288 2264 581 2328 recipientes
615 2264 802 2313 caedere
825 2300 838 2322 ,
869 2266 938 2313 uti
966 2263 1110 2331 paulo
1136 2261 1254 2312 'ante
1284 2282 1383 2312 non
1412 2261 1557 2328 adjuti
1576 2294 1599 2322 -,

289 2331 343 2380 &
387 2346 501 2380 tunc
550 2331 743 2381 exclusi.
784 2331 844 2381 Et
883 2349 1038 2400 prope
1079 2332 1176 2381 duo
1226 2330 1322 2396 jam
1374 2330 1596 2398 permista

286 2400 460 2466 proelia
490 2416 655 2460 erant,
687 2419 838 2468 quum
872 2398 1288 2469 Carthaginienses
1321 2399 1455 2449 simul
1486 2417 1597 2450 curn

287 2536 442 2591 positos
469 2538 518 2579 ad
544 2539 665 2581 istum
694 2540 735 2581 ὅ(
759 2548 906 2594 paten-
970 2539 1038 2581 bus
1067 2540 1270 2595 pulsantes
1295 2543 1312 2596 ]
1342 2537 1501 2580 Incuffo
1534 2539 1598 2579 la-

288 2609 368 2641 tes.
972 2612 1090 2643 certo
1120 2604 1162 2646 8(
1179 2604 1388 2646 scutorum
1407 2601 1596 2644 umboni-

351 2675 372 2720 3
410 2660 496 2704 Ala
519 2665 656 2707 deinde
677 2665 712 2708 G·
734 2663 911 2706 umboni·
971 2664 1069 2711 bus.
