1649 3104
279 73 639 130 LIBER
722 66 1095 130 XXVIII..
1222 89 1336 150 207

0 218 1 230 ,
38 170 249 228 bendas,
280 170 360 236 qui
395 167 702 218 Etruscorum
731 166 1135 236 Umbrorumque‘
1171 172 1341 238 populi
1364 170 1559 236 U-q-s'45·

0 242 1 247 ’
39 237 320 290 defeffionis
354 238 412 286 ab
440 236 670 286 Romanis
704 234 764 282 ad
794 235 1115 286 Asdrubalem
1144 237 1228 287 sub
1261 240 1344 289 ad·
1362 226 1560 278 ⁰·ss·207·

40 323 241 357 ventum
295 304 398 372 ejus
444 303 635 354 consilia
684 301 959 370 agitaffent,
1008 309 1186 371 quique
1231 325 1343 358 eum
1464 346 1475 350 -

38 376 222 425 auxiliis
245 413 257 430 ‚
293 390 371 423 aut
406 386 716 430 commeatu,
748 384 830 419 aut
860 390 957 438 ope
1007 374 1164 438 aliqu&
1194 372 1344 439 juvis-

38 443 154 493 sent.
186 442 305 491 Haec
339 460 399 491 eo
426 460 551 489 anno
577 441 710 489 domi
741 439 1018 506 militiaeque
1053 439 1194 507 gesta.
1221 442 1343 492 Ludi

37 511 246 562 Romani
283 526 354 558 ter
390 513 478 560 toti
517 507 755 557 instaurati
798 507 858 556 ab
901 509 1118 557 aedilibus
1163 514 1341 559 curuli-

38 579 166 637 bus,
227 576 319 627 Cn.
362 577 571 627 Servilio
621 576 895 643 Caepione,
952 575 1055 627 Ser.
1107 574 1344 629 Cornelio

37 646 261 698 Lentulo.
291 645 412 695 Item
455 646 554 694 ludi
591 645 767 710 plebeii
800 643 946 693 semel
981 647 1070 694 toti
1101 645 1347 696 instaurati

39 716 100 764 ab
130 714 344 764 aedilibus
375 714 528 779 plebis
567 712 737 762 Manio
770 712 1043 778 Pomponio
1080 713 1349 774 Mathone,

38 785 93 835 &
130 782 201 848 Q.
247 782 468 830 Mamilio
525 779 732 830 Turino.
780 780 1156 831 Tertiodecimo
1219 802 1347 834 anno

41 849 204 900 Punici
240 850 382 909 belli,
414 849 471 900 L.
502 848 712 898 Veturio
745 848 945 898 Philone
967 887 980 910 ‚
1013 853 1065 901 &
1095 850 1164 915 Q.
1190 850 1347 901 Caeci-
1372 855 1564 910 U.c.546,

44 920 110 968 lio
149 919 358 967 Metello
404 916 675 967 consulibus
698 955 714 976 ,
760 917 930 966 Bruttii
962 920 1212 968 ‘ambobus
1235 959 1249 980 ,
1297 935 1349 970 ut
1372 912 1563 957 she-⁷³6·

36 1005 147 1036 cum
183 987 425 1036 Annibale
456 986 638 1034 bellum
676 1002 936 1053 gererent,
975 989 1226 1053 provincia
1263 989 1348 1038 de-
1401 969 1546 1040 Ltve‘

35 1072 179 1104 creta.
216 1055 449 1105 Praetores
493 1054 666 1104 exinde
704 1054 855 1103 sortiti
891 1053 993 1103 sunt
1025 1074 1036 1104 ε
1075 1056 1143 1105 M.
1178 1054 1342 1107 Caeci-
1368 1040 1508 1134 turbo,
1532 1095 1544 1106 .

36 1124 126 1172 lius
162 1123 388 1172 Metellus
423 1124 650 1171 urbanam
676 1159 689 1179 ‚
723 1121 800 1187 Q.
845 1123 1086 1172 Mamilius
1123 1128 1343 1191 peregri·
1368 1095 1423 1196 ΞΟ
1444 1110 1562 1198 (ἓξὲξ

37 1210 148 1240 nam
170 1230 183 1251 ,
213 1190 270 1241 C.
304 1191 534 1240 Servilius
569 1189 782 1239 Siciliam
805 1229 817 1248 ,
855 1191 932 1240 Ti.
967 1190 1202 1241 Claudius
1231 1192 1343 1242 Sar·
1393 1186 1563 1261 Provin:

35 1260 228 1308 diniatn.
265 1258 513 1307 Exercitus
552 1261 611 1307 ita
646 1259 782 1307 divisi
826 1275 836 1306 ε
876 1259 1124 1309 consulum
1166 1261 1343 1323 alteri,
1368 1283 1456 1324 ciae.

36 1345 181 1395 quem
219 1324 276 1375 C.
313 1326 544 1378 Claudius
581 1328 749 1392 prioris
788 1330 903 1376 anni
934 1329 1138 1389 consu13
1170 1330 1341 1389 alteri,

33 1413 181 1463 quem
209 1393 280 1460 Q.
321 1393 552 1446 Claudius
586 1409 856 1461 propraetor
888 1394 992 1462 (eae
1026 1397 1149 1447 binae
1186 1400 1345 1465 legio-

33 1481 121 1512 nes
174 1461 353 1529 erant)
400 1462 627 1512 habuisset
678 1466 992 1514 exercitum:
1051 1466 1102 1514 in
1151 1465 1340 1518 Etruria

34 1533 150 1580 duas
178 1533 418 1580 volonum
452 1532 667 1598 legiones
702 1550 728 1579 a
756 1529 816 1583 C.
843 1531 1082 1583 Terentio
1122 1552 1342 1601 proprae-

31 1614 140 1649 tore
179 1600 253 1648 M.
291 1599 454 1648 Livius
486 1599 778 1667 proconsul,
822 1602 898 1648 cui
940 1617 1257 1668 prorogatum
1289 1606 1339 1651 in

31 1685 211 1717 annum
245 1669 500 1735 imperium
534 1683 660 1726 erat,
685 1670 956 1734 acciperet3
986 1670 1039 1720 ὃς
1063 1669 1136 1736 Q.
1160 1670 1344 1719 Mami·

32 1735 134 1796 lio,
176 1750 227 1785 ut
271 1736 468 1803 collegae
516 1734 833 1799 jurisdic'lione
872 1737 1078 1797 tradita,
1121 1736 1339 1788 Galliam

33 1821 141 1854 cum
199 1805 445 1864 exercitu,
503 1805 615 1871 (9)
673 1807 749 1852 cui
798 1804 853 1854 L.
907 1804 1104 1855 Porcius
1158 1824 1338 1873 praetor

28 1872 316 1939 praefuerat,
354 1872 633 1931 obtineret,
673 1873 923 1922 decretum
961 1873 1064 1933 est3
1098 1873 1340 1942 jussusque

29 1941 249 2007 populari
286 1959 425 2008 agros
463 1939 752 2002 Gallorum,
794 1943 875 2009 qui
925 1943 985 1991 ad
1030 1942 1209 1992 Poenos
1250 1945 1335 1992 sub

27 2009 294 2058 adventum
348 2008 625 2058 Asdrubalis
679 2009 969 2059 defecissent.
1019 2009 1079 2060 C.
1126 2010 1343 2061 Servilio

18 2094 139 2125 -cum
190 2075 517 2126 Cannensibus
557 2077 739 2126 duabus
774 2078 1081 2145 legionibus,
1118 2078 1234 2128 ficut
1272 2078 1336 2129 C.

23 2144 275 2193 ’Mamilius
307 2157 551 2202 tenuerat,
586 2145 745 2194 Sicilia
776 2147 954 2195 tuenda
979 2147 1103 2196 data.
1122 2147 1196 2196 Ex
1227 2146 1335 2197 Sar-

19 2212 156 2261 -dinia
187 2228 325 2261 vetus
361 2216 594 2262 exercitus
620 2252 633 2273 ,
664 2215 739 2263 cui
768 2214 831 2263 A.
859 2213 1095 2264 Hostilius
1132 2215 1334 2282 praefue-

24 2295 97 2328 rat
121 2318 134 2341 ,
170 2281 450 2347 deportatus
477 2300 487 2330 :
534 2300 714 2331 novam
760 2283 1005 2349 legionem
1027 2321 1040 2343 ‚
1078 2302 1219 2351 quam
1251 2282 1335 2332 Ti.

16 2345 257 2398 Claudius
304 2348 543 2416 trajiceret
582 2349 775 2412 secum,
816 2349 1036 2402 consules
1081 2351 1332 2418 conscrip-

84 2518 112 2559 9
148 2506 220 2544 Cui
244 2503 290 2545 L.
326 2503 484 2547 Porcius
510 2520 650 2562 praetor
702 2510 775 2550 bet
795 2522 806 2549 t
829 2523 918 2549 nam
942 2522 1048 2550 anno
1068 2508 1208 2561 priore
1230 2521 1330 2561 prae·

20 2562 249 2622 praefizerat]
263 2567 401 2624 Vulgo
411 2582 644 2623 propraetor,
703 2580 770 2614 tor
787 2569 962 2615 Galliam
976 2570 1144 2614 sortitus.
1162 2579 1266 2617 erat.

25 2627 137 2686 quod
165 2630 338 2673 librariis
368 2630 537 2673 adscribi
572 2633 647 2674 de·
1258 2649 1266 2659 ²
