<?xml version="1.0" encoding="UTF-8"?>
<!DOCTYPE html PUBLIC "-//W3C//DTD XHTML 1.0 Transitional//EN"
    "http://www.w3.org/TR/xhtml1/DTD/xhtml1-transitional.dtd">
<html xmlns="http://www.w3.org/1999/xhtml" xml:lang="en" lang="en">
 <head>
  <title>
</title>
<meta http-equiv="Content-Type" content="text/html;charset=utf-8" />
  <meta name='ocr-system' content='tesseract 3.04.00' />
  <meta name='ocr-capabilities' content='ocr_page ocr_carea ocr_par ocr_line ocrx_word'/>
</head>
<body>
  <div class='ocr_page' id='page_1' title='image "./tliviipatavinihi0202livy_0161.png"; bbox 0 0 1649 3104; ppageno 0'>
   <div class='ocr_carea' id='block_1_1' title="bbox 235 24 1336 180">
    <p class='ocr_par' dir='ltr' id='par_1_1' title="bbox 235 24 1336 180">
     <span class='ocr_line' id='line_1_1' title="bbox 466 24 477 61; baseline 0 0"><span class='ocrx_word' id='word_1_1' title='bbox 466 24 477 61; x_wconf 69' lang='lat' dir='ltr'>&#39;t</span> 
     </span>
     <span class='ocr_line' id='line_1_2' title="bbox 235 90 1336 180; baseline -0.002 -20"><span class='ocrx_word' id='word_1_2' title='bbox 235 90 238 93; x_wconf 58' lang='grc'>’</span> <span class='ocrx_word' id='word_1_3' title='bbox 299 103 656 160; x_wconf 76' lang='lat' dir='ltr'>LIBER</span> <span class='ocrx_word' id='word_1_4' title='bbox 739 102 1069 160; x_wconf 84' lang='lat' dir='ltr'>XXVII.</span> <span class='ocrx_word' id='word_1_5' title='bbox 1225 117 1336 180; x_wconf 82' lang='lat'>155·</span> 
     </span>
    </p>
   </div>
   <div class='ocr_carea' id='block_1_2' title="bbox 29 193 1560 1899">
    <p class='ocr_par' dir='ltr' id='par_1_2' title="bbox 29 193 1560 1899">
     <span class='ocr_line' id='line_1_3' title="bbox 29 193 1544 268; baseline -0.004 -18"><span class='ocrx_word' id='word_1_6' title='bbox 29 200 194 260; x_wconf 80' lang='lat' dir='ltr'>ciem,</span> <span class='ocrx_word' id='word_1_7' title='bbox 244 201 339 266; x_wconf 74' lang='lat' dir='ltr'>quo</span> <span class='ocrx_word' id='word_1_8' title='bbox 377 202 491 250; x_wconf 86' lang='lat' dir='ltr'>nihil</span> <span class='ocrx_word' id='word_1_9' title='bbox 533 202 704 268; x_wconf 81' lang='lat' dir='ltr'>gratius</span> <span class='ocrx_word' id='word_1_10' title='bbox 741 201 809 249; x_wconf 87' lang='lat' dir='ltr'>est</span> <span class='ocrx_word' id='word_1_11' title='bbox 843 199 1117 250; x_wconf 46' lang='lat' dir='ltr'>&#39;civitatibus</span> <span class='ocrx_word' id='word_1_12' title='bbox 1162 199 1339 250; x_wconf 84' lang='lat' dir='ltr'>liberis.</span> <span class='ocrx_word' id='word_1_13' title='bbox 1359 193 1544 256; x_wconf 69' lang='lat' dir='ltr'>U.c.544</span> 
     </span>
     <span class='ocr_line' id='line_1_4' title="bbox 34 246 1559 346; baseline 0.001 -30"><span class='ocrx_word' id='word_1_14' title='bbox 34 267 400 335; x_wconf 74' lang='lat' dir='ltr'>Praebuiss&#39;etque</span> <span class='ocrx_word' id='word_1_15' title='bbox 447 270 572 317; x_wconf 84' lang='lat' dir='ltr'>haud</span> <span class='ocrx_word' id='word_1_16' title='bbox 620 270 817 317; x_wconf 80' lang='lat' dir='ltr'>dubiam</span> <span class='ocrx_word' id='word_1_17' title='bbox 859 287 919 316; x_wconf 92' lang='lat' dir='ltr'>eo</span> <span class='ocrx_word' id='word_1_18' title='bbox 961 268 1082 317; x_wconf 64' lang='lat' dir='ltr'>facio</span> <span class='ocrx_word' id='word_1_19' title='bbox 1119 268 1253 335; x_wconf 87' lang='lat' dir='ltr'>spem</span> <span class='ocrx_word' id='word_1_20' title='bbox 1282 268 1338 316; x_wconf 80' lang='lat' dir='ltr'>li-</span> <span class='ocrx_word' id='word_1_21' title='bbox 1358 246 1559 346; x_wconf 58' lang='grc' dir='ltr'>3Ρῖἱῇῗὸ</span> 
     </span>
     <span class='ocr_line' id='line_1_5' title="bbox 33 318 1560 410; baseline -0.001 -24"><span class='ocrx_word' id='word_1_22' title='bbox 33 337 260 394; x_wconf 76' lang='lat' dir='ltr'>bertatis,</span> <span class='ocrx_word' id='word_1_23' title='bbox 295 336 379 384; x_wconf 87' lang='lat' dir='ltr'>nifi</span> <span class='ocrx_word' id='word_1_24' title='bbox 419 340 582 385; x_wconf 83' lang='lat' dir='ltr'>omnia</span> <span class='ocrx_word' id='word_1_25' title='bbox 628 338 932 386; x_wconf 59' lang='lat' dir='ltr'>intoleranda</span> <span class='ocrx_word' id='word_1_26' title='bbox 970 336 1168 384; x_wconf 78' lang='lat' dir='ltr'>libidine</span> <span class='ocrx_word' id='word_1_27' title='bbox 1205 336 1336 384; x_wconf 81' lang='lat' dir='ltr'>foeda</span> <span class='ocrx_word' id='word_1_28' title='bbox 1358 318 1560 410; x_wconf 42' lang='lat' dir='ltr'>accius?</span> 
     </span>
     <span class='ocr_line' id='line_1_6' title="bbox 32 403 1337 471; baseline 0.002 -20"><span class='ocrx_word' id='word_1_29' title='bbox 32 421 87 452; x_wconf 84' lang='lat' dir='ltr'>ac</span> <span class='ocrx_word' id='word_1_30' title='bbox 118 403 353 453; x_wconf 82' lang='lat' dir='ltr'>deformia</span> <span class='ocrx_word' id='word_1_31' title='bbox 378 404 603 454; x_wconf 74' lang='lat' dir='ltr'>effecisset</span> <span class='ocrx_word' id='word_1_32' title='bbox 626 426 634 454; x_wconf 88' lang='lat'>:</span> <span class='ocrx_word' id='word_1_33' title='bbox 665 404 923 471; x_wconf 71' lang='lat' dir='ltr'>vagabatur</span> <span class='ocrx_word' id='word_1_34' title='bbox 952 406 1080 452; x_wconf 90' lang='lat' dir='ltr'>enim</span> <span class='ocrx_word' id='word_1_35' title='bbox 1104 421 1218 452; x_wconf 86' lang='lat' dir='ltr'>cum</span> <span class='ocrx_word' id='word_1_36' title='bbox 1238 422 1337 453; x_wconf 89' lang='lat' dir='ltr'>uno</span> 
     </span>
     <span class='ocr_line' id='line_1_7' title="bbox 33 469 1342 540; baseline 0.002 -22"><span class='ocrx_word' id='word_1_37' title='bbox 33 485 112 519; x_wconf 82' lang='lat' dir='ltr'>aut</span> <span class='ocrx_word' id='word_1_38' title='bbox 139 469 286 520; x_wconf 76' lang='lat' dir='ltr'>altero</span> <span class='ocrx_word' id='word_1_39' title='bbox 320 476 497 522; x_wconf 80' lang='lat' dir='ltr'>comite</span> <span class='ocrx_word' id='word_1_40' title='bbox 518 513 531 533; x_wconf 89' lang='lat'>,</span> <span class='ocrx_word' id='word_1_41' title='bbox 562 473 643 540; x_wconf 71' lang='lat'>(9)</span> <span class='ocrx_word' id='word_1_42' title='bbox 671 491 754 540; x_wconf 88' lang='lat' dir='ltr'>per</span> <span class='ocrx_word' id='word_1_43' title='bbox 778 474 964 520; x_wconf 80' lang='lat' dir='ltr'>maritas</span> <span class='ocrx_word' id='word_1_44' title='bbox 992 471 1166 519; x_wconf 83' lang='lat' dir='ltr'>domos</span> <span class='ocrx_word' id='word_1_45' title='bbox 1187 508 1202 530; x_wconf 83' lang='lat'><strong>,</strong></span> <span class='ocrx_word' id='word_1_46' title='bbox 1236 471 1342 521; x_wconf 88' lang='lat' dir='ltr'>dies</span> 
     </span>
     <span class='ocr_line' id='line_1_8' title="bbox 34 538 1344 608; baseline 0.002 -22"><span class='ocrx_word' id='word_1_47' title='bbox 34 538 322 606; x_wconf 63' lang='lat' dir='ltr'>noEiesque3</span> <span class='ocrx_word' id='word_1_48' title='bbox 352 543 400 591; x_wconf 73' lang='grc' dir='ltr'>ὃ(</span> <span class='ocrx_word' id='word_1_49' title='bbox 427 579 438 600; x_wconf 86' lang='grc'><em>,</em></span> <span class='ocrx_word' id='word_1_50' title='bbox 469 541 548 608; x_wconf 82' lang='lat'>(1)</span> <span class='ocrx_word' id='word_1_51' title='bbox 582 541 908 589; x_wconf 84' lang='lat' dir='ltr'>submittendo</span> <span class='ocrx_word' id='word_1_52' title='bbox 947 539 991 588; x_wconf 90' lang='lat' dir='ltr'>se</span> <span class='ocrx_word' id='word_1_53' title='bbox 1022 543 1067 587; x_wconf 83' lang='lat' dir='ltr'>in</span> <span class='ocrx_word' id='word_1_54' title='bbox 1099 543 1344 606; x_wconf 81' lang='lat' dir='ltr'>privatum</span> 
     </span>
     <span class='ocr_line' id='line_1_9' title="bbox 35 605 1344 675; baseline 0.001 -21"><span class='ocrx_word' id='word_1_55' title='bbox 35 605 305 673; x_wconf 75' lang='lat' dir='ltr'>fastigium,</span> <span class='ocrx_word' id='word_1_56' title='bbox 344 628 440 675; x_wconf 88' lang='lat' dir='ltr'>quo</span> <span class='ocrx_word' id='word_1_57' title='bbox 481 611 635 657; x_wconf 72' lang='lat' dir='ltr'>minus</span> <span class='ocrx_word' id='word_1_58' title='bbox 681 608 996 675; x_wconf 64' lang='lat' dir='ltr'>conspe-etus,</span> <span class='ocrx_word' id='word_1_59' title='bbox 1041 625 1100 655; x_wconf 87' lang='lat' dir='ltr'>eo</span> <span class='ocrx_word' id='word_1_60' title='bbox 1143 607 1344 656; x_wconf 87' lang='lat' dir='ltr'>solutior</span> 
     </span>
     <span class='ocr_line' id='line_1_10' title="bbox 37 674 1347 745; baseline -0.001 -22"><span class='ocrx_word' id='word_1_61' title='bbox 37 691 168 723; x_wconf 87' lang='lat' dir='ltr'>erat:</span> <span class='ocrx_word' id='word_1_62' title='bbox 204 676 256 745; x_wconf 59' lang='grc' dir='ltr'>ὃς</span> <span class='ocrx_word' id='word_1_63' title='bbox 289 678 560 724; x_wconf 82' lang='lat' dir='ltr'>libertatem</span> <span class='ocrx_word' id='word_1_64' title='bbox 592 695 740 743; x_wconf 77' lang='lat' dir='ltr'>quum</span> <span class='ocrx_word' id='word_1_65' title='bbox 777 677 877 725; x_wconf 82' lang='lat' dir='ltr'>aliis</span> <span class='ocrx_word' id='word_1_66' title='bbox 907 693 1080 724; x_wconf 81' lang='lat' dir='ltr'>vanam</span> <span class='ocrx_word' id='word_1_67' title='bbox 1108 674 1347 724; x_wconf 80' lang='lat' dir='ltr'>ostendis-</span> 
     </span>
     <span class='ocr_line' id='line_1_11' title="bbox 37 741 1347 809; baseline 0 -19"><span class='ocrx_word' id='word_1_68' title='bbox 37 741 135 801; x_wconf 87' lang='lat' dir='ltr'><strong>set,</strong></span> <span class='ocrx_word' id='word_1_69' title='bbox 175 757 327 791; x_wconf 76' lang='lat' dir='ltr'>totam</span> <span class='ocrx_word' id='word_1_70' title='bbox 369 746 415 791; x_wconf 84' lang='lat' dir='ltr'>in</span> <span class='ocrx_word' id='word_1_71' title='bbox 452 744 577 791; x_wconf 77' lang='lat' dir='ltr'>suam</span> <span class='ocrx_word' id='word_1_72' title='bbox 618 745 861 792; x_wconf 79' lang='lat' dir='ltr'>licentiam</span> <span class='ocrx_word' id='word_1_73' title='bbox 907 757 1135 793; x_wconf 74' lang='lat' dir='ltr'>verterat.</span> <span class='ocrx_word' id='word_1_74' title='bbox 1172 742 1347 809; x_wconf 81' lang='lat' dir='ltr'>Neque</span> 
     </span>
     <span class='ocr_line' id='line_1_12' title="bbox 39 811 1347 871; baseline 0 -11"><span class='ocrx_word' id='word_1_75' title='bbox 39 811 168 860; x_wconf 85' lang='lat' dir='ltr'>enim</span> <span class='ocrx_word' id='word_1_76' title='bbox 217 812 378 859; x_wconf 85' lang='lat' dir='ltr'>omnia</span> <span class='ocrx_word' id='word_1_77' title='bbox 436 812 627 860; x_wconf 73' lang='lat' dir='ltr'>emebat</span> <span class='ocrx_word' id='word_1_78' title='bbox 680 826 759 860; x_wconf 83' lang='lat' dir='ltr'>aut</span> <span class='ocrx_word' id='word_1_79' title='bbox 811 812 1173 861; x_wconf 75' lang='lat' dir='ltr'>eblandiebatur</span> <span class='ocrx_word' id='word_1_80' title='bbox 1196 850 1210 871; x_wconf 84' lang='lat'><strong>‚</strong></span> <span class='ocrx_word' id='word_1_81' title='bbox 1264 811 1347 860; x_wconf 84' lang='lat' dir='ltr'>sed</span> 
     </span>
     <span class='ocr_line' id='line_1_13' title="bbox 38 878 1348 947; baseline 0 -19"><span class='ocrx_word' id='word_1_82' title='bbox 38 879 140 928; x_wconf 86' lang='lat' dir='ltr'>vim</span> <span class='ocrx_word' id='word_1_83' title='bbox 187 881 330 927; x_wconf 84' lang='lat' dir='ltr'>etiam</span> <span class='ocrx_word' id='word_1_84' title='bbox 370 880 556 947; x_wconf 80' lang='lat' dir='ltr'>flagitiis</span> <span class='ocrx_word' id='word_1_85' title='bbox 592 880 883 940; x_wconf 77' lang='lat' dir='ltr'>adhibebat3</span> <span class='ocrx_word' id='word_1_86' title='bbox 926 878 1348 946; x_wconf 80' lang='lat' dir='ltr'>periculosumque</span> 
     </span>
     <span class='ocr_line' id='line_1_14' title="bbox 42 947 1392 1013; baseline -0.003 -17"><span class='ocrx_word' id='word_1_87' title='bbox 42 947 95 996; x_wconf 88' lang='lat'>&amp;</span> <span class='ocrx_word' id='word_1_88' title='bbox 117 947 234 995; x_wconf 82' lang='lat' dir='ltr'>viris</span> <span class='ocrx_word' id='word_1_89' title='bbox 262 949 313 998; x_wconf 85' lang='lat'>&amp;</span> <span class='ocrx_word' id='word_1_90' title='bbox 342 949 614 1013; x_wconf 84' lang='lat' dir='ltr'>parentibus</span> <span class='ocrx_word' id='word_1_91' title='bbox 646 962 747 998; x_wconf 84' lang='lat' dir='ltr'>erat</span> <span class='ocrx_word' id='word_1_92' title='bbox 770 986 781 1004; x_wconf 88' lang='lat'><strong>,</strong></span> <span class='ocrx_word' id='word_1_93' title='bbox 817 966 1003 1005; x_wconf 82' lang='lat' dir='ltr'>moram</span> <span class='ocrx_word' id='word_1_94' title='bbox 1032 947 1350 996; x_wconf 46' lang='lat' dir='ltr'>incommode</span> <span class='ocrx_word' id='word_1_95' title='bbox 1388 989 1392 992; x_wconf 83' lang='lat'><strong>.</strong></span> 
     </span>
     <span class='ocr_line' id='line_1_15' title="bbox 38 1013 1354 1082; baseline 0.001 -20"><span class='ocrx_word' id='word_1_96' title='bbox 38 1013 294 1064; x_wconf 88' lang='lat' dir='ltr'>severitate</span> <span class='ocrx_word' id='word_1_97' title='bbox 318 1016 504 1065; x_wconf 83' lang='lat' dir='ltr'>libidini</span> <span class='ocrx_word' id='word_1_98' title='bbox 544 1019 686 1082; x_wconf 80' lang='lat' dir='ltr'>regiae</span> <span class='ocrx_word' id='word_1_99' title='bbox 724 1015 898 1065; x_wconf 74' lang='lat' dir='ltr'>fecisse.</span> <span class='ocrx_word' id='word_1_100' title='bbox 925 1015 1024 1064; x_wconf 88' lang='lat' dir='ltr'>Uni</span> <span class='ocrx_word' id='word_1_101' title='bbox 1056 1018 1196 1066; x_wconf 76' lang='lat' dir='ltr'>etiam</span> <span class='ocrx_word' id='word_1_102' title='bbox 1226 1018 1354 1082; x_wconf 64' lang='lat' dir='ltr'>prin-2</span> 
     </span>
     <span class='ocr_line' id='line_1_16' title="bbox 41 1083 1351 1151; baseline 0.001 -19"><span class='ocrx_word' id='word_1_103' title='bbox 41 1085 135 1148; x_wconf 87' lang='lat' dir='ltr'>cipi</span> <span class='ocrx_word' id='word_1_104' title='bbox 164 1083 456 1133; x_wconf 76' lang='lat' dir='ltr'>Achaeorum</span> <span class='ocrx_word' id='word_1_105' title='bbox 484 1083 562 1151; x_wconf 87' lang='lat'>(2)</span> <span class='ocrx_word' id='word_1_106' title='bbox 588 1084 740 1133; x_wconf 87' lang='lat' dir='ltr'>Arato</span> <span class='ocrx_word' id='word_1_107' title='bbox 761 1085 989 1150; x_wconf 82' lang='lat' dir='ltr'>adempta</span> <span class='ocrx_word' id='word_1_108' title='bbox 1008 1102 1130 1132; x_wconf 87' lang='lat' dir='ltr'>uxor</span> <span class='ocrx_word' id='word_1_109' title='bbox 1152 1085 1351 1133; x_wconf 82' lang='lat' dir='ltr'>nomine</span> 
     </span>
     <span class='ocr_line' id='line_1_17' title="bbox 38 1149 1353 1219; baseline 0.002 -20"><span class='ocrx_word' id='word_1_110' title='bbox 38 1150 347 1216; x_wconf 80' lang='lat' dir='ltr'>Polycratia,</span> <span class='ocrx_word' id='word_1_111' title='bbox 380 1149 433 1201; x_wconf 74' lang='lat' dir='ltr'>:ic</span> <span class='ocrx_word' id='word_1_112' title='bbox 461 1151 541 1219; x_wconf 92' lang='lat' dir='ltr'>spe</span> <span class='ocrx_word' id='word_1_113' title='bbox 582 1154 820 1219; x_wconf 79' lang='lat' dir='ltr'>regiarum</span> <span class='ocrx_word' id='word_1_114' title='bbox 854 1154 1126 1218; x_wconf 84' lang='lat' dir='ltr'>nuptiarum</span> <span class='ocrx_word' id='word_1_115' title='bbox 1166 1155 1212 1200; x_wconf 88' lang='lat' dir='ltr'>in</span> <span class='ocrx_word' id='word_1_116' title='bbox 1244 1152 1353 1201; x_wconf 87' lang='lat' dir='ltr'>Ma-</span> 
     </span>
     <span class='ocr_line' id='line_1_18' title="bbox 42 1219 1354 1287; baseline 0 -19"><span class='ocrx_word' id='word_1_117' title='bbox 42 1219 296 1268; x_wconf 84' lang='lat' dir='ltr'>cedoniam</span> <span class='ocrx_word' id='word_1_118' title='bbox 330 1219 566 1287; x_wconf 83' lang='lat' dir='ltr'>asportata</span> <span class='ocrx_word' id='word_1_119' title='bbox 603 1219 772 1269; x_wconf 84' lang='lat' dir='ltr'>fuerat.</span> <span class='ocrx_word' id='word_1_120' title='bbox 803 1219 891 1268; x_wconf 87' lang='lat' dir='ltr'>Per</span> <span class='ocrx_word' id='word_1_121' title='bbox 933 1221 1034 1269; x_wconf 86' lang='lat' dir='ltr'>haec</span> <span class='ocrx_word' id='word_1_122' title='bbox 1069 1220 1246 1287; x_wconf 82' lang='lat' dir='ltr'>flagitia</span> <span class='ocrx_word' id='word_1_123' title='bbox 1272 1220 1354 1268; x_wconf 87' lang='lat' dir='ltr'>so-</span> 
     </span>
     <span class='ocr_line' id='line_1_19' title="bbox 41 1287 1353 1356; baseline 0.001 -20"><span class='ocrx_word' id='word_1_124' title='bbox 41 1288 171 1343; x_wconf 83' lang='lat' dir='ltr'>lenni</span> <span class='ocrx_word' id='word_1_125' title='bbox 213 1287 518 1337; x_wconf 82' lang='lat' dir='ltr'>Nemeorum</span> <span class='ocrx_word' id='word_1_126' title='bbox 572 1287 763 1354; x_wconf 70' lang='lat' dir='ltr'>pera&amp;o</span> <span class='ocrx_word' id='word_1_127' title='bbox 801 1326 814 1349; x_wconf 90' lang='lat'><strong>‚</strong></span> <span class='ocrx_word' id='word_1_128' title='bbox 872 1289 1130 1356; x_wconf 74' lang='lat' dir='ltr'>paucisque</span> <span class='ocrx_word' id='word_1_129' title='bbox 1178 1288 1353 1337; x_wconf 83' lang='lat' dir='ltr'>additis</span> 
     </span>
     <span class='ocr_line' id='line_1_20' title="bbox 42 1355 1356 1423; baseline -0.002 -16"><span class='ocrx_word' id='word_1_130' title='bbox 42 1357 210 1407; x_wconf 84' lang='lat' dir='ltr'>diebus</span> <span class='ocrx_word' id='word_1_131' title='bbox 229 1393 244 1416; x_wconf 85' lang='lat'><strong>‚</strong></span> <span class='ocrx_word' id='word_1_132' title='bbox 282 1355 478 1422; x_wconf 79' lang='lat' dir='ltr'>Dymas</span> <span class='ocrx_word' id='word_1_133' title='bbox 508 1356 575 1405; x_wconf 89' lang='lat' dir='ltr'>est</span> <span class='ocrx_word' id='word_1_134' title='bbox 604 1355 848 1422; x_wconf 52' lang='lat' dir='ltr'>professius</span> <span class='ocrx_word' id='word_1_135' title='bbox 878 1357 937 1405; x_wconf 81' lang='lat' dir='ltr'>ad</span> <span class='ocrx_word' id='word_1_136' title='bbox 967 1356 1235 1423; x_wconf 81' lang='lat' dir='ltr'>praefidium</span> <span class='ocrx_word' id='word_1_137' title='bbox 1268 1355 1356 1404; x_wconf 85' lang='lat' dir='ltr'>AE-</span> 
     </span>
     <span class='ocr_line' id='line_1_21' title="bbox 39 1423 1355 1492; baseline 0 -18"><span class='ocrx_word' id='word_1_138' title='bbox 39 1424 279 1482; x_wconf 83' lang='lat' dir='ltr'>tolorum‚</span> <span class='ocrx_word' id='word_1_139' title='bbox 319 1426 453 1491; x_wconf 90' lang='lat' dir='ltr'>quod</span> <span class='ocrx_word' id='word_1_140' title='bbox 494 1425 553 1474; x_wconf 85' lang='lat' dir='ltr'>ab</span> <span class='ocrx_word' id='word_1_141' title='bbox 584 1423 715 1473; x_wconf 90' lang='lat' dir='ltr'>Eleis</span> <span class='ocrx_word' id='word_1_142' title='bbox 754 1427 956 1473; x_wconf 81' lang='lat' dir='ltr'>accitum</span> <span class='ocrx_word' id='word_1_143' title='bbox 997 1439 1355 1492; x_wconf 80' lang='lat' dir='ltr'>acceptumque</span> 
     </span>
     <span class='ocr_line' id='line_1_22' title="bbox 42 1490 1353 1558; baseline -0.002 -15"><span class='ocrx_word' id='word_1_144' title='bbox 42 1495 92 1543; x_wconf 79' lang='lat' dir='ltr'>in</span> <span class='ocrx_word' id='word_1_145' title='bbox 129 1495 300 1543; x_wconf 86' lang='lat' dir='ltr'>urbem</span> <span class='ocrx_word' id='word_1_146' title='bbox 338 1509 466 1554; x_wconf 83' lang='lat' dir='ltr'>erat,</span> <span class='ocrx_word' id='word_1_147' title='bbox 502 1492 807 1558; x_wconf 81' lang='lat' dir='ltr'>ejiciendum.</span> <span class='ocrx_word' id='word_1_148' title='bbox 852 1491 1118 1557; x_wconf 72' lang='lat' dir='ltr'>Cycliadas</span> <span class='ocrx_word' id='word_1_149' title='bbox 1155 1490 1353 1558; x_wconf 84' lang='lat' dir='ltr'>(penes</span> 
     </span>
     <span class='ocr_line' id='line_1_23' title="bbox 46 1559 1357 1628; baseline -0.002 -17"><span class='ocrx_word' id='word_1_150' title='bbox 46 1579 158 1611; x_wconf 87' lang='lat' dir='ltr'>eum</span> <span class='ocrx_word' id='word_1_151' title='bbox 196 1561 379 1610; x_wconf 83' lang='lat' dir='ltr'>summa</span> <span class='ocrx_word' id='word_1_152' title='bbox 413 1563 601 1627; x_wconf 88' lang='lat' dir='ltr'>imperii</span> <span class='ocrx_word' id='word_1_153' title='bbox 635 1560 775 1622; x_wconf 83' lang='lat' dir='ltr'>erat)</span> <span class='ocrx_word' id='word_1_154' title='bbox 824 1560 1089 1628; x_wconf 83' lang='lat' dir='ltr'>Achaeique</span> <span class='ocrx_word' id='word_1_155' title='bbox 1140 1561 1201 1608; x_wconf 84' lang='lat' dir='ltr'>ad</span> <span class='ocrx_word' id='word_1_156' title='bbox 1238 1559 1357 1626; x_wconf 81' lang='lat' dir='ltr'>Dy-</span> 
     </span>
     <span class='ocr_line' id='line_1_24' title="bbox 46 1627 1353 1697; baseline -0.003 -17"><span class='ocrx_word' id='word_1_157' title='bbox 46 1647 147 1680; x_wconf 86' lang='lat' dir='ltr'>mas</span> <span class='ocrx_word' id='word_1_158' title='bbox 181 1632 282 1697; x_wconf 84' lang='lat' dir='ltr'>regi</span> <span class='ocrx_word' id='word_1_159' title='bbox 313 1629 600 1687; x_wconf 68' lang='lat' dir='ltr'>occurrere3</span> <span class='ocrx_word' id='word_1_160' title='bbox 637 1629 690 1678; x_wconf 86' lang='lat'>&amp;</span> <span class='ocrx_word' id='word_1_161' title='bbox 718 1628 950 1677; x_wconf 84' lang='lat' dir='ltr'>Eleorum</span> <span class='ocrx_word' id='word_1_162' title='bbox 981 1627 1166 1678; x_wconf 80' lang='lat' dir='ltr'>accensi</span> <span class='ocrx_word' id='word_1_163' title='bbox 1205 1629 1353 1688; x_wconf 75' lang='lat' dir='ltr'>odio,</span> 
     </span>
     <span class='ocr_line' id='line_1_25' title="bbox 48 1695 1356 1764; baseline -0.002 -18"><span class='ocrx_word' id='word_1_164' title='bbox 48 1697 181 1764; x_wconf 71' lang='lat' dir='ltr'>quod</span> <span class='ocrx_word' id='word_1_165' title='bbox 216 1716 242 1746; x_wconf 85' lang='lat' dir='ltr'>a</span> <span class='ocrx_word' id='word_1_166' title='bbox 279 1700 451 1747; x_wconf 87' lang='lat' dir='ltr'>ceteris</span> <span class='ocrx_word' id='word_1_167' title='bbox 491 1698 684 1746; x_wconf 85' lang='lat' dir='ltr'>Achaeis</span> <span class='ocrx_word' id='word_1_168' title='bbox 721 1695 1051 1758; x_wconf 82' lang='lat' dir='ltr'>dissentirent,</span> <span class='ocrx_word' id='word_1_169' title='bbox 1099 1698 1152 1747; x_wconf 85' lang='lat'>&amp;</span> <span class='ocrx_word' id='word_1_170' title='bbox 1185 1695 1356 1745; x_wconf 79' lang='lat' dir='ltr'>insen-fi</span> 
     </span>
     <span class='ocr_line' id='line_1_26' title="bbox 46 1763 1356 1832; baseline -0.002 -18"><span class='ocrx_word' id='word_1_171' title='bbox 46 1764 220 1814; x_wconf 85' lang='lat' dir='ltr'>AEtolis</span> <span class='ocrx_word' id='word_1_172' title='bbox 247 1801 262 1824; x_wconf 87' lang='lat'><strong>‚</strong></span> <span class='ocrx_word' id='word_1_173' title='bbox 304 1783 427 1832; x_wconf 89' lang='lat' dir='ltr'>quos</span> <span class='ocrx_word' id='word_1_174' title='bbox 473 1765 747 1815; x_wconf 80' lang='lat' dir='ltr'>Romanum</span> <span class='ocrx_word' id='word_1_175' title='bbox 796 1783 992 1831; x_wconf 84' lang='lat' dir='ltr'>quoque</span> <span class='ocrx_word' id='word_1_176' title='bbox 1038 1765 1269 1813; x_wconf 62' lang='lat' dir='ltr'>adversus</span> <span class='ocrx_word' id='word_1_177' title='bbox 1308 1763 1356 1813; x_wconf 88' lang='lat' dir='ltr'>se</span> 
     </span>
     <span class='ocr_line' id='line_1_27' title="bbox 47 1832 1359 1899; baseline -0.004 -14"><span class='ocrx_word' id='word_1_178' title='bbox 47 1832 250 1885; x_wconf 86' lang='lat' dir='ltr'>movisse</span> <span class='ocrx_word' id='word_1_179' title='bbox 283 1833 464 1883; x_wconf 86' lang='lat' dir='ltr'>bellurn</span> <span class='ocrx_word' id='word_1_180' title='bbox 502 1834 778 1883; x_wconf 86' lang='lat' dir='ltr'>credebant.</span> <span class='ocrx_word' id='word_1_181' title='bbox 808 1833 1017 1883; x_wconf 54' lang='lat' dir='ltr'>Profecti</span> <span class='ocrx_word' id='word_1_182' title='bbox 1046 1835 1104 1882; x_wconf 82' lang='lat' dir='ltr'>ab</span> <span class='ocrx_word' id='word_1_183' title='bbox 1138 1832 1322 1899; x_wconf 86' lang='lat' dir='ltr'>Dymis</span> <span class='ocrx_word' id='word_1_184' title='bbox 1342 1869 1359 1893; x_wconf 82' lang='lat'>,</span> 
     </span>
    </p>
   </div>
   <div class='ocr_carea' id='block_1_3' title="bbox 112 1965 668 2022">
    <p class='ocr_par' dir='ltr' id='par_1_3' title="bbox 112 1965 668 2022">
     <span class='ocr_line' id='line_1_28' title="bbox 112 1965 668 2022; baseline -0.005 -14"><span class='ocrx_word' id='word_1_185' title='bbox 112 1981 138 2022; x_wconf 87' lang='lat'><em>9</em></span> <span class='ocrx_word' id='word_1_186' title='bbox 159 1965 236 2008; x_wconf 78' lang='lat' dir='ltr'>Per</span> <span class='ocrx_word' id='word_1_187' title='bbox 258 1966 420 2007; x_wconf 79' lang='lat' dir='ltr'>maritas</span> <span class='ocrx_word' id='word_1_188' title='bbox 441 1967 605 2021; x_wconf 78' lang='lat' dir='ltr'>domos]</span> <span class='ocrx_word' id='word_1_189' title='bbox 623 1965 668 2006; x_wconf 81' lang='lat' dir='ltr'>Id</span> 
     </span>
    </p>
   </div>
   <div class='ocr_carea' id='block_1_4' title="bbox 53 1964 1361 2084">
    <p class='ocr_par' dir='ltr' id='par_1_4' title="bbox 53 1964 1361 2084">
     <span class='ocr_line' id='line_1_29' title="bbox 732 1964 1361 2019; baseline -0.002 -13"><span class='ocrx_word' id='word_1_190' title='bbox 732 1964 919 2006; x_wconf 83' lang='lat' dir='ltr'>obsecuti</span> <span class='ocrx_word' id='word_1_191' title='bbox 965 1966 1151 2006; x_wconf 83' lang='lat' dir='ltr'>delemus</span> <span class='ocrx_word' id='word_1_192' title='bbox 1200 1978 1361 2019; x_wconf 80' lang='lat' dir='ltr'>prono·-</span> 
     </span>
     <span class='ocr_line' id='line_1_30' title="bbox 53 2027 667 2084; baseline -0.003 -15"><span class='ocrx_word' id='word_1_193' title='bbox 53 2027 136 2078; x_wconf 80' lang='lat' dir='ltr'>est,</span> <span class='ocrx_word' id='word_1_194' title='bbox 169 2043 244 2082; x_wconf 84' lang='lat' dir='ltr'>per</span> <span class='ocrx_word' id='word_1_195' title='bbox 271 2029 415 2069; x_wconf 87' lang='lat' dir='ltr'>domos</span> <span class='ocrx_word' id='word_1_196' title='bbox 450 2029 492 2068; x_wconf 88' lang='lat' dir='ltr'>in</span> <span class='ocrx_word' id='word_1_197' title='bbox 522 2030 667 2084; x_wconf 87' lang='lat' dir='ltr'>quibus</span> 
     </span>
    </p>
   </div>
   <div class='ocr_carea' id='block_1_5' title="bbox 732 2026 1358 2081">
    <p class='ocr_par' dir='ltr' id='par_1_5' title="bbox 732 2026 1358 2081">
     <span class='ocr_line' id='line_1_31' title="bbox 732 2026 1358 2081; baseline -0.003 -14"><span class='ocrx_word' id='word_1_198' title='bbox 732 2042 827 2068; x_wconf 83' lang='lat' dir='ltr'>men</span> <span class='ocrx_word' id='word_1_199' title='bbox 840 2028 900 2081; x_wconf 77' lang='lat' dir='ltr'>sc</span> <span class='ocrx_word' id='word_1_200' title='bbox 923 2027 1073 2069; x_wconf 84' lang='lat' dir='ltr'>Sensus</span> <span class='ocrx_word' id='word_1_201' title='bbox 1093 2026 1148 2067; x_wconf 85' lang='lat' dir='ltr'>est</span> <span class='ocrx_word' id='word_1_202' title='bbox 1165 2026 1358 2079; x_wconf 66' lang='lat' dir='ltr'>‚fisbmit-</span> 
     </span>
    </p>
   </div>
   <div class='ocr_carea' id='block_1_6' title="bbox 52 2091 678 2701">
    <p class='ocr_par' dir='ltr' id='par_1_6' title="bbox 52 2091 673 2454">
     <span class='ocr_line' id='line_1_32' title="bbox 52 2091 668 2145; baseline 0.002 -16"><span class='ocrx_word' id='word_1_203' title='bbox 52 2091 116 2129; x_wconf 85' lang='lat' dir='ltr'>vir</span> <span class='ocrx_word' id='word_1_204' title='bbox 152 2104 242 2129; x_wconf 84' lang='lat' dir='ltr'>cum</span> <span class='ocrx_word' id='word_1_205' title='bbox 286 2103 417 2130; x_wconf 87' lang='lat' dir='ltr'>uxore</span> <span class='ocrx_word' id='word_1_206' title='bbox 463 2091 637 2145; x_wconf 82' lang='lat' dir='ltr'>degeret</span> <span class='ocrx_word' id='word_1_207' title='bbox 657 2103 668 2130; x_wconf 88' lang='lat'>:</span> 
     </span>
     <span class='ocr_line' id='line_1_33' title="bbox 52 2150 671 2207; baseline 0.003 -17"><span class='ocrx_word' id='word_1_208' title='bbox 52 2151 160 2205; x_wconf 85' lang='lat' dir='ltr'>quod</span> <span class='ocrx_word' id='word_1_209' title='bbox 174 2150 335 2205; x_wconf 84' lang='lat' dir='ltr'>quidem</span> <span class='ocrx_word' id='word_1_210' title='bbox 349 2151 447 2191; x_wconf 80' lang='lat' dir='ltr'>facit</span> <span class='ocrx_word' id='word_1_211' title='bbox 459 2152 506 2191; x_wconf 83' lang='lat' dir='ltr'>ad</span> <span class='ocrx_word' id='word_1_212' title='bbox 517 2165 671 2207; x_wconf 82' lang='lat' dir='ltr'>augen-</span> 
     </span>
     <span class='ocr_line' id='line_1_34' title="bbox 54 2213 672 2268; baseline 0 -16"><span class='ocrx_word' id='word_1_213' title='bbox 54 2213 143 2253; x_wconf 82' lang='lat' dir='ltr'>dam</span> <span class='ocrx_word' id='word_1_214' title='bbox 162 2213 287 2268; x_wconf 81' lang='lat' dir='ltr'>regiae</span> <span class='ocrx_word' id='word_1_215' title='bbox 310 2213 486 2254; x_wconf 86' lang='lat' dir='ltr'>libidinis</span> <span class='ocrx_word' id='word_1_216' title='bbox 511 2214 672 2255; x_wconf 81' lang='lat' dir='ltr'>foedita-</span> 
     </span>
     <span class='ocr_line' id='line_1_35' title="bbox 53 2275 671 2330; baseline 0.002 -16"><span class='ocrx_word' id='word_1_217' title='bbox 53 2284 137 2314; x_wconf 87' lang='lat' dir='ltr'>tem</span> <span class='ocrx_word' id='word_1_218' title='bbox 166 2303 180 2321; x_wconf 88' lang='lat'>,</span> <span class='ocrx_word' id='word_1_219' title='bbox 224 2289 312 2329; x_wconf 82' lang='lat' dir='ltr'>quae</span> <span class='ocrx_word' id='word_1_220' title='bbox 355 2289 406 2316; x_wconf 88' lang='lat' dir='ltr'>ne</span> <span class='ocrx_word' id='word_1_221' title='bbox 445 2275 671 2330; x_wconf 81' lang='lat' dir='ltr'>conjugalis</span> 
     </span>
     <span class='ocr_line' id='line_1_36' title="bbox 55 2335 673 2392; baseline 0.005 -17"><span class='ocrx_word' id='word_1_222' title='bbox 55 2336 220 2392; x_wconf 83' lang='lat' dir='ltr'>quidem</span> <span class='ocrx_word' id='word_1_223' title='bbox 253 2335 336 2377; x_wconf 83' lang='lat' dir='ltr'>tori</span> <span class='ocrx_word' id='word_1_224' title='bbox 374 2337 673 2383; x_wconf 72' lang='lat' dir='ltr'>sanffirnoniam</span> 
     </span>
     <span class='ocr_line' id='line_1_37' title="bbox 52 2399 493 2454; baseline 0.002 -16"><span class='ocrx_word' id='word_1_225' title='bbox 52 2399 246 2454; x_wconf 84' lang='lat' dir='ltr'>polluere</span> <span class='ocrx_word' id='word_1_226' title='bbox 259 2408 493 2440; x_wconf 86' lang='lat' dir='ltr'>vereretur.</span> 
     </span>
    </p>

    <p class='ocr_par' dir='ltr' id='par_1_7' title="bbox 57 2458 678 2701">
     <span class='ocr_line' id='line_1_38' title="bbox 123 2458 676 2516; baseline 0.002 -15"><span class='ocrx_word' id='word_1_227' title='bbox 123 2474 138 2501; x_wconf 86' lang='lat'>1</span> <span class='ocrx_word' id='word_1_228' title='bbox 158 2458 432 2502; x_wconf 77' lang='lat' dir='ltr'>Submittendo</span> <span class='ocrx_word' id='word_1_229' title='bbox 440 2459 535 2515; x_wconf 82' lang='lat' dir='ltr'>sein</span> <span class='ocrx_word' id='word_1_230' title='bbox 545 2464 676 2516; x_wconf 82' lang='lat' dir='ltr'>priva·</span> 
     </span>
     <span class='ocr_line' id='line_1_39' title="bbox 57 2521 676 2578; baseline 0.003 -16"><span class='ocrx_word' id='word_1_231' title='bbox 57 2521 377 2578; x_wconf 78' lang='lat' dir='ltr'>tumfhstigium]</span> <span class='ocrx_word' id='word_1_232' title='bbox 398 2523 617 2564; x_wconf 83' lang='lat' dir='ltr'>Haecinter</span> <span class='ocrx_word' id='word_1_233' title='bbox 633 2525 676 2564; x_wconf 87' lang='lat' dir='ltr'>se</span> 
     </span>
     <span class='ocr_line' id='line_1_40' title="bbox 59 2584 678 2640; baseline 0.003 -16"><span class='ocrx_word' id='word_1_234' title='bbox 59 2597 240 2638; x_wconf 72' lang='lat' dir='ltr'>pugnare</span> <span class='ocrx_word' id='word_1_235' title='bbox 265 2584 512 2638; x_wconf 82' lang='lat' dir='ltr'>judicamus:</span> <span class='ocrx_word' id='word_1_236' title='bbox 538 2586 678 2640; x_wconf 79' lang='lat' dir='ltr'>itaque</span> 
     </span>
     <span class='ocr_line' id='line_1_41' title="bbox 62 2645 678 2701; baseline 0.01 -17"><span class='ocrx_word' id='word_1_237' title='bbox 62 2645 293 2701; x_wconf 71' lang='lat' dir='ltr'>quibusdam</span> <span class='ocrx_word' id='word_1_238' title='bbox 367 2647 678 2691; x_wconf 68' lang='lat' dir='ltr'>aufioritatibus</span> 
     </span>
    </p>
   </div>
   <div class='ocr_carea' id='block_1_7' title="bbox 732 2087 1364 2576">
    <p class='ocr_par' dir='ltr' id='par_1_8' title="bbox 732 2087 1358 2266">
     <span class='ocr_line' id='line_1_42' title="bbox 733 2087 1358 2145; baseline -0.002 -16"><span class='ocrx_word' id='word_1_239' title='bbox 733 2092 850 2129; x_wconf 84' lang='lat' dir='ltr'>tendo</span> <span class='ocrx_word' id='word_1_240' title='bbox 876 2089 1086 2145; x_wconf 68' lang='lat' dir='ltr'>fastigium</span> <span class='ocrx_word' id='word_1_241' title='bbox 1132 2089 1243 2128; x_wconf 76' lang='lat' dir='ltr'>suum</span> <span class='ocrx_word' id='word_1_242' title='bbox 1259 2121 1269 2140; x_wconf 86' lang='lat'>‚</span> <span class='ocrx_word' id='word_1_243' title='bbox 1309 2087 1358 2128; x_wconf 87' lang='lat' dir='ltr'>fi-</span> 
     </span>
     <span class='ocr_line' id='line_1_43' title="bbox 732 2151 1357 2206; baseline -0.005 -14"><span class='ocrx_word' id='word_1_244' title='bbox 732 2166 784 2192; x_wconf 87' lang='lat' dir='ltr'>ve</span> <span class='ocrx_word' id='word_1_245' title='bbox 804 2153 962 2206; x_wconf 80' lang='lat' dir='ltr'>regium</span> <span class='ocrx_word' id='word_1_246' title='bbox 977 2183 989 2198; x_wconf 88' lang='lat'>,</span> <span class='ocrx_word' id='word_1_247' title='bbox 1010 2155 1051 2191; x_wconf 82' lang='lat' dir='ltr'>in</span> <span class='ocrx_word' id='word_1_248' title='bbox 1066 2154 1263 2204; x_wconf 76' lang='lat' dir='ltr'>privatum</span> <span class='ocrx_word' id='word_1_249' title='bbox 1277 2181 1287 2199; x_wconf 87' lang='lat'>‚</span> <span class='ocrx_word' id='word_1_250' title='bbox 1315 2151 1357 2190; x_wconf 84' lang='lat' dir='ltr'>in</span> 
     </span>
     <span class='ocr_line' id='line_1_44' title="bbox 734 2213 1358 2266; baseline -0.002 -13"><span class='ocrx_word' id='word_1_251' title='bbox 734 2214 917 2253; x_wconf 79' lang='lat' dir='ltr'>habitum</span> <span class='ocrx_word' id='word_1_252' title='bbox 959 2214 1138 2254; x_wconf 84' lang='lat' dir='ltr'>hominis</span> <span class='ocrx_word' id='word_1_253' title='bbox 1192 2213 1358 2266; x_wconf 72' lang='lat' dir='ltr'>privati·</span> 
     </span>
    </p>

    <p class='ocr_par' dir='ltr' id='par_1_9' title="bbox 735 2274 1364 2576">
     <span class='ocr_line' id='line_1_45' title="bbox 798 2274 1356 2328; baseline -0.009 -13"><span class='ocrx_word' id='word_1_254' title='bbox 798 2288 823 2315; x_wconf 91' lang='lat'>2</span> <span class='ocrx_word' id='word_1_255' title='bbox 860 2280 987 2315; x_wconf 81' lang='lat' dir='ltr'>Arato</span> <span class='ocrx_word' id='word_1_256' title='bbox 1021 2277 1203 2328; x_wconf 82' lang='lat' dir='ltr'>adempta</span> <span class='ocrx_word' id='word_1_257' title='bbox 1225 2274 1356 2327; x_wconf 80' lang='lat' dir='ltr'>uxor]</span> 
     </span>
     <span class='ocr_line' id='line_1_46' title="bbox 735 2335 1362 2387; baseline -0.005 -11"><span class='ocrx_word' id='word_1_258' title='bbox 735 2335 815 2378; x_wconf 81' lang='lat' dir='ltr'>Hic</span> <span class='ocrx_word' id='word_1_259' title='bbox 855 2336 1008 2377; x_wconf 79' lang='lat' dir='ltr'>Aratus</span> <span class='ocrx_word' id='word_1_260' title='bbox 1028 2368 1039 2387; x_wconf 87' lang='lat'>,</span> <span class='ocrx_word' id='word_1_261' title='bbox 1077 2337 1142 2376; x_wconf 79' lang='lat' dir='ltr'>cui</span> <span class='ocrx_word' id='word_1_262' title='bbox 1185 2348 1362 2374; x_wconf 83' lang='lat' dir='ltr'>uxorem</span> 
     </span>
     <span class='ocr_line' id='line_1_47' title="bbox 737 2394 1364 2452; baseline -0.005 -13"><span class='ocrx_word' id='word_1_263' title='bbox 737 2399 888 2439; x_wconf 81' lang='lat' dir='ltr'>ademit</span> <span class='ocrx_word' id='word_1_264' title='bbox 910 2398 1120 2452; x_wconf 83' lang='lat' dir='ltr'>Philippus</span> <span class='ocrx_word' id='word_1_265' title='bbox 1137 2429 1147 2447; x_wconf 94' lang='lat'>,</span> <span class='ocrx_word' id='word_1_266' title='bbox 1161 2394 1364 2437; x_wconf 75' lang='lat' dir='ltr'>fuit-Ara-</span> 
     </span>
     <span class='ocr_line' id='line_1_48' title="bbox 737 2457 1362 2515; baseline -0.003 -15"><span class='ocrx_word' id='word_1_267' title='bbox 737 2470 803 2501; x_wconf 90' lang='lat' dir='ltr'>tus</span> <span class='ocrx_word' id='word_1_268' title='bbox 827 2460 987 2515; x_wconf 72' lang='lat' dir='ltr'>junior,</span> <span class='ocrx_word' id='word_1_269' title='bbox 1008 2460 1114 2500; x_wconf 79' lang='lat' dir='ltr'>filius</span> <span class='ocrx_word' id='word_1_270' title='bbox 1138 2458 1226 2512; x_wconf 84' lang='lat' dir='ltr'>ejus</span> <span class='ocrx_word' id='word_1_271' title='bbox 1251 2457 1362 2498; x_wconf 81' lang='lat' dir='ltr'>Ara-</span> 
     </span>
     <span class='ocr_line' id='line_1_49' title="bbox 739 2519 1364 2576; baseline -0.006 -13"><span class='ocrx_word' id='word_1_272' title='bbox 739 2524 793 2573; x_wconf 81' lang='lat' dir='ltr'>ti,</span> <span class='ocrx_word' id='word_1_273' title='bbox 827 2523 941 2576; x_wconf 65' lang='lat' dir='ltr'>cujus</span> <span class='ocrx_word' id='word_1_274' title='bbox 965 2520 1134 2561; x_wconf 66' lang='lat' dir='ltr'>consilio</span> <span class='ocrx_word' id='word_1_275' title='bbox 1162 2520 1203 2560; x_wconf 64' lang='grc' dir='ltr'>ἃ</span> <span class='ocrx_word' id='word_1_276' title='bbox 1234 2519 1364 2573; x_wconf 56' lang='lat' dir='ltr'>oper&amp;</span> 
     </span>
    </p>
   </div>
   <div class='ocr_carea' id='block_1_8' title="bbox 720 2583 1364 2639">
    <p class='ocr_par' dir='ltr' id='par_1_10' title="bbox 720 2583 1364 2639">
     <span class='ocr_line' id='line_1_50' title="bbox 720 2583 1364 2639; baseline -0.002 -14"><span class='ocrx_word' id='word_1_277' title='bbox 720 2611 723 2612; x_wconf 29' lang='grc' dir='ltr'><em>ν</em></span> <span class='ocrx_word' id='word_1_278' title='bbox 740 2586 968 2639; x_wconf 75' lang='lat' dir='ltr'>respublica</span> <span class='ocrx_word' id='word_1_279' title='bbox 988 2583 1237 2623; x_wconf 79' lang='lat' dir='ltr'>Achaeorum</span> <span class='ocrx_word' id='word_1_280' title='bbox 1262 2595 1364 2624; x_wconf 85' lang='lat' dir='ltr'>coa-</span> 
     </span>
    </p>
   </div>
   <div class='ocr_carea' id='block_1_9' title="bbox 740 2647 835 2690">
    <p class='ocr_par' dir='ltr' id='par_1_11' title="bbox 740 2647 835 2690">
     <span class='ocr_line' id='line_1_51' title="bbox 740 2647 835 2690; baseline 0.021 -3"><span class='ocrx_word' id='word_1_281' title='bbox 740 2647 835 2690; x_wconf 80' lang='lat' dir='ltr'>luit.</span> 
     </span>
    </p>
   </div>
   <div class='ocr_carea' id='block_1_10' title="bbox 980 2701 1113 2770">
    <p class='ocr_par' dir='ltr' id='par_1_12' title="bbox 980 2701 1113 2770">
     <span class='ocr_line' id='line_1_52' title="bbox 980 2701 1113 2770; baseline 0.008 -17"><span class='ocrx_word' id='word_1_282' title='bbox 980 2701 1029 2753; x_wconf 81' lang='lat' dir='ltr'>G</span> <span class='ocrx_word' id='word_1_283' title='bbox 1059 2702 1113 2770; x_wconf 68' lang='lat' dir='ltr'>v}</span> 
     </span>
    </p>
   </div>
  </div>
 </body>
</html>
