1649 3104
322 94 678 163 LiBER
764 104 1047 165 XXVI.
1261 107 1339 183 87

39 203 295 258 nunciasset
313 241 327 264 ‚
355 206 450 271 -qui
477 202 668 270 cognita
690 204 829 252 causa
847 203 1138 270 testibusque
1167 205 1337 254 auditis
1355 211 1551 264 U.c.542·

37 273 335 342 judicarent,
372 288 478 322 uter
500 274 631 338 prior
665 273 712 319 in
741 271 978 337 oppidum
1015 270 1342 321 transscendis-
1357 267 1549 314 a·C·21‘³·

45 342 147 401 set;
175 338 238 390 C.
261 340 433 396 Laelio,
458 342 508 390 ὅ(
530 338 601 387 Μ.
620 337 910 405 Sempronio
930 338 1176 388 advocatis
1195 342 1341 404 partis

43 409 287 474 utriusque
314 447 328 469 ,
364 408 414 457 P.
453 406 737 457 Cornelium
769 405 1045 456 Caudinum
1082 407 1141 455 de
1178 408 1344 456 medio

11 475 254 542 -3djecit3
307 475 483 535 eosque
519 490 613 523 tres
654 489 1014 541 recuperatores
1054 472 1305 524 considere
1330 511 1346 533 ‚

43 546 100 595 &
133 542 315 592 causam
344 536 633 611 co'gnoscere
660 540 800 606 juffit.
835 541 1006 606 Quum
1040 559 1115 591 res
1149 559 1209 591 eo
1246 559 1346 590 ma-

41 609 147 677 jore
175 626 394 679 ageretur
428 612 685 659 certamine
706 648 716 666 ,
753 608 831 676 (5)
867 610 1176 676 quod-amoti
1203 624 1346 658 tantae

41 681 283 747 dignitatis
314 696 412 727 non
450 693 546 726 tam
575 677 798 726 advocati
831 714 844 736 ‚
892 679 1032 744 quam
1061 677 1347 726 moderato-

43 765 122 796 res
153 746 416 796 studiorum
452 745 670 803 fuerant3
700 743 760 794 C.
797 744 969 794 Laelius
989 783 1002 802 ,
1036 744 1199 794 reneio
1228 763 1348 794 con-

45 813 180 874 silio,
212 814 271 862 ad
307 814 512 862 tribunal
543 814 602 861 ad
640 811 916 877 Scipionem
948 813 1166 875 accedit,
1207 830 1346 862 eum-

45 899 139 948 que
178 882 354 941 docet,
401 900 484 929 rem
503 883 599 946 fine
631 884 760 928 modo
799 899 854 929 ac
893 883 1099 947 modestia
1130 883 1243 947 agi3
1288 899 1344 929 ac

35 968 171 1016 prope
209 948 290 1014 effe
310 988 320 1006 ‚
350 965 399 997 ut
426 968 588 997 manus
615 949 731 996 inter
751 949 803 1011 se
831 947 1076 1012 conserant.
1111 948 1307 997 Cetericm
1330 985 1346 1008 ,

44 1019 216 1081 etiamsi
251 1019 324 1065 vis
357 1018 503 1081 abstt,
540 1017 836 1065 nihilominus
866 1018 1111 1082 detestabili
1143 1019 1345 1083 exemplo

43 1104 126 1136 rem
161 1086 272 1152 agi,·
302 1087 464 1150 quippe
492 1086 567 1132 ubi
585 1083 754 1148 fraude
786 1102 842 1131 ac
869 1084 1065 1149 perjurio
1099 1086 1232 1132 decus
1258 1103 1346 1150 pes·

43 1167 165 1201 tatur
182 1155 376 1201 virtutis.
404 1156 534 1200 Stare
564 1154 668 1200 binc
701 1153 976 1216 legionarios
1002 1153 1166 1200 milites
1189 1190 1202 1213 ,
1237 1155 1344 1202 hinc

42 1222 238 1284 clafficos
266 1256 280 1277 ‚
318 1238 400 1286 per
427 1238 578 1268 omnes
616 1222 721 1267 deos
751 1236 942 1284 paratos
964 1218 1118 1285 jurare
1140 1257 1155 1280 ,
1197 1223 1344 1287 magis

40 1306 135 1353 quae
157 1289 298 1335 velint
320 1324 331 1344 ‚
371 1289 504 1352 qudm
529 1305 624 1351 quae
639 1288 793 1349 sciam
822 1306 924 1335 vera
945 1287 1024 1352 effi
1043 1326 1056 1347 ,
1091 1288 1135 1335 6³
1158 1291 1341 1355 obstrin-

36 1374 131 1422 gere
158 1353 351 1422 perjurio
376 1393 390 1414 ‚
419 1374 506 1403 non
527 1354 578 1415 se
597 1354 747 1415 solz'cm
768 1390 781 1413 ‚
803 1355 1024 1420 suumque
1064 1371 1200 1421 caput
1220 1395 1232 1412 ,
1260 1356 1348 1420 fid

29 1425 159 1488 signa
197 1424 415 1471 militaria
446 1460 460 1481 ‚
513 1423 557 1470 ὃ»
598 1423 782 1487 aquilas
807 1459 821 1481 ‚
869 1423 946 1490 (6)
981 1423 1344 1489 sacramentique

41 1493 310 1556 religionem.
354 1493 472 1540 Haec
501 1493 550 1552 se
584 1496 646 1536 ad
685 1510 777 1538 eum
821 1493 873 1538 de
889 1493 1115 1553 sententia
1143 1493 1202 1541 P.
1232 1493 1344 1540 Cor-

36 1561 176 1618 nelii,
214 1560 255 1607 δ’
287 1561 361 1608 Μ.
386 1559 642 1622 Sempronii
674 1557 845 1621 deferre.
871 1557 1032 1626 Scipio
1067 1559 1340 1609 collaudato

37 1625 185 1679 Laelio
209 1663 223 1684 ,
262 1627 320 1674 ad
357 1629 645 1682 concionem
673 1627 963 1686 advocavit,
999 1629 1340 1691 pronunciavit

40 1711 133 1759 que
153 1729 167 1750 ‚
210 1697 269 1742 Se
293 1693 415 1755 satis
443 1708 705 1758 compertum
736 1695 892 1741 habere
920 1731 934 1752 ‚
973 1697 1032 1759 Q.
1071 1697 1336 1744 Trebellium

38 1764 83 1812 ὃ·
124 1764 230 1811 Sex.
277 1764 509 1828 Digitium
551 1764 725 1827 pariter
763 1764 809 1811 in
855 1781 1024 1810 mutum
1061 1762 1288 1829 escendiffi
1326 1782 1342 1814 .·

50 1932 55 1937 .
100 1913 117 1951 5
148 1895 270 1956 Quod
287 1901 450 1955 amoti]
485 1898 569 1941 Res
594 1913 645 1941 eo

33 1959 187 2015 majore
219 1963 416 2016 agebatur
451 1962 643 2002 certami-

32 2035 118 2066 ne,
171 2021 281 2076 quod
318 2023 443 2064 amoti
484 2024 648 2063 fuerant

34 2093 115 2123 tam
158 2081 329 2124 illustres
381 2085 603 2140 gravesque
635 2116 647 2136 ‚

34 2158 118 2184 non
151 2144 277 2185 dicam
298 2146 481 2185 advocati
509 2157 648 2200 patro-

33 2203 129 2245 nive
151 2237 162 2255 ,
195 2205 262 2246 sed
293 2205 433 2260 potiris
467 2208 653 2249 modera-

34 2276 149 2306 tores
183 2265 398 2308 studiorum
429 2270 652 2310 multitudi-

33 2328 112 2369 nis.
133 2328 446 2384 Intelligendum
469 2331 523 2371 est
542 2332 648 2372 enim

33 2389 120 2442 haec
154 2392 280 2430 verba
301 2404 418 2432 tantae
436 2394 648 2448 dignitatis

33 2452 306 2492 eommuniter
337 2453 428 2508 regi
467 2469 489 2494 a
520 2455 650 2495 nomi-

32 2512 148 2566 nibus
180 2515 368 2554 advocati
402 2515 443 2557 &
473 2518 649 2558 modera-

30 2583 146 2622 ¹emes.

62 2680 66 2686 ,
93 2635 121 2676 6
145 2635 403 2683 sacramenti.
424 2669 435 2680 .
451 2669 462 2681 .
488 2640 650 2699 religi0-

711 1900 824 1954 nem]
847 1898 1199 1956 Religiofiffimum
1234 1901 1336 1943 illud

710 1961 1002 2002 sacramentum
1015 1963 1336 2017 militare.Quod

712 2032 847 2063 autem
861 2023 1007 2064 Laelius
1020 2025 1167 2064 metuit
1179 2039 1229 2065 ne
1243 2039 1335 2079 per-

709 2084 819 2139 jurio
872 2085 1177 2141 obstringamur
1227 2086 1334 2142 iigna

714 2147 901 2186 militaria
925 2147 965 2187 &
991 2149 1134 2201 aquilae
1154 2179 1164 2198 ,
1195 2149 1236 2190 δε
1257 2150 1333 2188 mi-

714 2208 833 2248 litare
875 2208 1166 2249 sacramentum
1182 2239 1195 2260 ‚
1218 2211 1255 2249 id
1277 2211 1332 2250 ira

715 2270 1023 2325 intelligendum
1043 2271 1097 2310 est
1113 2303 1127 2321 ,
1150 2282 1194 2312 ut
1220 2271 1333 2324 peri-

715 2333 848 2372 culum
884 2332 964 2372 effe
1001 2342 1122 2387 putet
1144 2365 1154 2384 ,
1186 2347 1237 2371 ne
1261 2333 1331 2386 qui

711 2407 786 2447 per
803 2407 848 2434 ea
865 2394 1144 2448 pejeraverint
1159 2425 1168 2443 ,
1190 2394 1335 2434 eadem

713 2455 782 2496 irae
810 2456 980 2496 deorum
1018 2456 1214 2509 objiciant
1242 2486 1253 2504 ‚
1287 2456 1331 2496 δε

711 2517 751 2556 in
771 2531 903 2570 poenae
922 2528 1077 2574 partem
1099 2516 1232 2558 secum
1250 2525 1333 2561 tra-

710 2578 822 2621 hant²
