1649 3104
293 100 654 161 ‘LIBER
734 91 1021 153 XXVI.
1239 91 1376 213 91U

1384 180 1534 217 tw.

32 201 153 252 haud
179 202 417 250 minorem
440 197 541 265 ejus
569 197 638 243 rei
666 191 794 259 apud
823 190 868 240 se
893 191 1092 256 gratiam
1112 186 1320 236 futuram
1384 226 1414 268 C

32 269 120 321 esse
155 267 474 324 affirmantes,
511 263 654 331 quarn
685 259 884 309 redditae
915 255 1160 304 inviolatae
1193 252 1322 302 foret
1341 237 1377 269 a·
1423 233 1533 268 '²¹⁶'

33 338 237 404 virginis·
260 336 423 403 Scipio
443 371 457 394 ‚
493 330 685 399 quando
719 341 854 377 tanto
883 340 1034 390 opere
1063 334 1285 388 peterent
1304 356 1323 379 ,

32 419 335 471 accepturum
359 402 406 452 se
430 402 672 469 pollicitus
693 435 706 458 ‚
735 396 854 462 poni
874 407 981 441 ante
1003 390 1151 457 pedes
1168 384 1323 452 juffit3

33 487 302 539 vocatoque
332 472 391 520 ad
427 470 472 519 se
493 468 685 519 Allucio
708 502 725 524 ‚
757 466 903 529 Super
934 463 1110 517 dotem,
1136 455 1291 522 inquit
1309 490 1326 514 ,

33 559 162 606 quam
197 556 458 605 accepturus
476 536 668 601 afhcero
686 552 730 581 es
754 569 770 590 ,
797 534 886 579 lzaec
905 528 1034 577 tibia
1057 545 1123 574 me
1144 522 1326 571 dotalia

32 613 149 657 dona
179 611 422 657 accedent:
455 618 719 668 aurumque
745 599 940 652 tollere,
974 613 1027 643 ac
1046 590 1325 641 fibihabere

33 675 167 736 juffit.
213 676 304 724 His
336 675 484 722 ‘laetus
523 672 660 721 donis
707 662 1064 728 honoribusque
1113 656 1324 709 dimissus

33 745 267 802 domum,
317 742 542 807 implevit
578 737 836 804 populares
877 730 1094 781 laudibus
1138 726 1326 776 meritis

33 810 300 877 Scipionis:
339 807 514 874 Venffl
546 809 636 855 diis
655 797 1154 870 fimillimumjuvenem
1176 833 1191 854 ,
1225 795 1327 842 vin-

32 894 189 928 centem
229 879 383 927 omnia
410 913 425 936 ‚
472 893 605 942 quum
632 874 767 921 armis
792 907 805 930 ‚
838 886 930 918 tum
965 866 1239 931 benignitate
1269 878 1327 910 ac

32 948 270 1011 beneficiis.
301 945 471 1012 Itaque
497 940 685 992 deleffiu
715 938 964 987 clientium
990 933 1153 983 habito
1171 969 1184 993 ‚
1214 945 1326 979 cum

31 1014 224 1064 delefilis
257 1014 386 1063 mille
438 1014 490 1062 &
534 1007 890 1077 quadringentis
928 1001 1170 1071 equitibus
1203 1000 1328 1047 intra

31 1102 202 1147 paucos
232 1083 334 1130 dies
361 1081 420 1129 ad
445 1079 723 1145 Scipionem
752 1073 969 1123 revertit.

93 1150 170 1200 LI.
211 1148 373 1215 Scipio
416 1161 657 1195 retentum
708 1142 871 1192 secum
914 1139 1114 1188 Laelium
1143 1174 1157 1197 ,
1208 1135 1325 1184 dum

31 1221 244 1285 captivos
272 1214 552 1281 obsidesque
587 1215 639 1263 &
672 1212 884 1278 praedam
907 1225 966 1257 ex
988 1206 1188 1256 consilio
1220 1202 1323 1269 ejus

31 1286 297 1352 disponeret
323 1322 341 1343 ,
401 1283 508 1332 satis
553 1281 776 1330 omnibus
829 1274 1108 1342 compofitis
1147 1315 1159 1332 ,
1213 1273 1324 1321 data

29 1358 369 1421 quinquereme
390 1389 405 1412 ‚
435 1347 728 1416 captivisque
753 1346 968 1413 Magone
1010 1345 1063 1394 ὃς
1083 1342 1160 1409 (2)
1186 1342 1325 1408 quin-

28 1424 185 1479 decim
203 1421 304 1471 fere
335 1419 633 1468 senatoribus
655 1454 668 1476 ‚
704 1417 785 1482 qui
806 1412 943 1462 simul
963 1428 1074 1460 curn
1105 1428 1166 1459 eo
1197 1410 1325 1474 capti

27 1505 190 1549 erant,
224 1492 272 1538 in
309 1505 488 1537 navem
517 1482 752 1553 impositis
786 1520 799 1542 ‚
842 1482 1071 1530 nuncium
1109 1477 1324 1529 viftoriae

24 1559 236 1608 Romam
274 1557 451 1604 mittit:
488 1552 587 1620 ipse
625 1569 806 1619 paucos
832 1550 971 1608 dies,
1013 1547 1183 1614 quibus
1212 1562 1322 1592 mo-

26 1627 112 1674 rari
147 1622 436 1691 Carthagine
466 1620 724 1678 statuerat,
756 1616 1039 1668 exercendis
1075 1613 1322 1664 navalibus
1373 1611 1542 1654 Exercet

26 1691 410 1761 pedestribusque
441 1690 595 1755 copiis
631 1685 902 1752 absumpsit.
947 1685 1111 1733 Primo
1140 1683 1218 1732 die
1253 1682 1322 1752 le·
1346 1678 1484 1729 copias

25 1763 192 1830 giones
219 1762 267 1808 in
285 1762 425 1808 armis
448 1771 651 1824 quatuor
677 1755 877 1804 millium
915 1753 1065 1819 spatio
1090 1752 1324 1801 decurre·
1342 1735 1497 1793 Scipio,

27 1845 170 1878 runt:
207 1826 414 1876 secundo
439 1826 516 1874 die
549 1842 679 1873 arma
705 1841 868 1872 curare
906 1823 958 1871 &
993 1836 1180 1887 tergere
1213 1834 1324 1869 ante

27 1898 236 1946 tentoria
281 1892 440 1960 juffit:
488 1894 631 1942 tertio
676 1892 754 1944 die
794 1890 991 1942 rudibus
1031 1892 1154 1938 inter
1193 1886 1325 1939 seffin

27 1964 228 2013 modurn
252 1961 384 2028 justae
422 1979 595 2028 pugnae
637 1972 1005 2017 concurrerunt,
1042 1956 1123 2024 (3)
1152 1959 1328 2023 praepi-

24 2031 216 2098 latisque
237 2029 481 2079 miffilibus
500 2027 688 2095 jaculati
710 2027 813 2076 sunt
839 2047 848 2075 ε
888 2040 1058 2093 quarto
1090 2026 1167 2073 die
1187 2027 1324 2090 quies

28 2100 164 2148 data:
187 2101 355 2164 quinto
383 2099 554 2146 iterum
571 2100 615 2144 in
637 2098 777 2144 armis
798 2094 1049 2144 decursum
1069 2091 1152 2141 est.
1181 2092 1324 2141 Hunc

26 2168 250 2217 ordinem
280 2167 459 2215 laboris
497 2163 794 2233 quietisque,
833 2163 994 2231 quoad
1035 2160 1324 2229 Carthagine

90 2307 115 2333 2
137 2290 372 2349 Quindecim
385 2289 469 2343 fer&
482 2289 640 2343 senato·
703 2289 765 2329 rio
794 2288 877 2342 pila
912 2287 1077 2342 praefixa
1109 2296 1197 2327 erat
1221 2318 1233 2337 ,
1267 2299 1321 2325 ne

25 2353 162 2408 ribus]
184 2351 377 2406 Intellige
399 2366 447 2392 ex
460 2351 639 2406 Polybio
700 2360 936 2405 pungerent
961 2364 1005 2390 ac
1026 2350 1290 2389 vulnerarent
1311 2360 1323 2388 2

24 2416 236 2456 senatores
253 2427 407 2468 magnae
426 2412 642 2467 Carthagi·
703 2414 794 2461 vel,
820 2426 991 2465 quorum
1007 2424 1146 2451 mucro
1165 2425 1184 2448 a
1204 2409 1322 2448 fabro

24 2478 100 2518 nis.
704 2474 944 2515 rotundatus
962 2474 1109 2514 fuerat.
1128 2470 1182 2508 Ut
1196 2482 1240 2509 ut
1250 2469 1297 2509 fit
1310 2498 1324 2519 ‚

90 2536 640 2592 3PraepilatisJQt1i12ttsro-
703 2536 789 2574 haec
824 2550 908 2577 vox
939 2551 960 2577 a
999 2534 1087 2590 pila
1118 2532 1319 2589 originem

19 2600 145 2647 tunila
164 2601 296 2656 aliqua
317 2611 338 2639 e
357 2599 469 2655 ligno
486 2599 554 2640 vel
571 2611 640 2640 co·
702 2597 829 2644 ducit.
