1649 3104
28 194 129 239 Τοῦ.
140 206 153 230 <
165 209 213 236 A-

33 255 185 298 a.(..20

247 115 360 191 276
445 117 516 176 T.
560 119 744 179 L1V.
794 123 965 186 L1B.
1011 121 1388 182 XXVIII.

243 213 495 282 Ingaunis,
544 236 754 285 quorum
798 222 996 287 gratiam
1057 221 1296 277 malebat,
1343 228 1554 286 compo-⁸¹
1621 282 1624 286 Ι

240 282 358 344 sita,
398 303 657 335 montanos
703 287 902 337 instituit
947 306 1243 355 oppugnare.
1279 288 1337 337 Et
1377 288 1554 337 cresce»

237 352 320 400 bat
353 356 590 402 exercitus
633 357 679 404 in
717 358 849 414 dies,
893 357 953 404 ad
991 357 1165 405 famam
1196 358 1402 405 nominis
1446 355 1555 419 ejus}

238 418 394 469 Gallis
447 423 661 490 undique
716 424 1090 474 confluentibus.
1137 425 1204 473 Ea
1250 426 1415 472 litteris
1463 442 1550 472 co·

239 489 369 555 gnita
398 487 477 555 Sp.
521 490 765 548 Lucretii,
803 509 864 541 ne
907 491 1075 541 frustra
1125 489 1391 540 Asdrubale
1436 509 1547 541 curn

237 559 457 606 exercitu
499 559 661 609 deleto
703 561 899 608 biennio
941 562 1048 610 ante
1091 559 1251 609 forent
1294 560 1469 619 laetat-i,
1511 557 1549 607 fi

239 643 328 691 par
374 626 501 673 aliud
535 628 645 675 inde
681 629 900 687 bellum,
942 631 1062 678 duce
1103 631 1286 678 tantum
1322 642 1546 687 mutato,

239 695 482 754 oriretur,
525 713 687 743 curam
737 699 982 763 ingentem
1029 700 1353 746 accenderunt
1398 695 1549 744 Patri·

236 759 346 810 bus„
386 761 553 828 Iraque
609 765 659 812 ὅ(
712 764 784 813 Μ.
834 765 1026 813 Livium
1087 763 1425 829 proconsulem
1484 779 1546 811 ex

231 825 422 878 Etruria
460 830 694 879 volonum
741 834 1004 881 exercitum
1046 834 1311 882 admovere
1360 833 1553 880 Arimi·

233 913 352 945 num
380 895 648 961 jusserunt3
688 901 740 950 &
781 899 872 949 Cn.
920 900 1125 950 Servilio
1166 902 1358 965 praetori
1393 918 1550 966 nego-2

228 966 352 1013 tium
388 967 585 1024 datum,
626 982 713 1028 ut,
751 968 784 1016 fi
823 986 850 1016 e
889 969 1133 1035 republica
1165 969 1383 1017 censeret
1419 968 1548 1027 effe,

232 1033 433 1082 urbanas
462 1035 673 1101 legiones
696 1074 710 1095 ,
739 1036 817 1103 (8)
841 1039 1045 1103 imperio
1078 1039 1151 1086 cui
1176 1037 1427 1085 videretur
1460 1037 1544 1083 da·

229 1116 318 1160 to,
357 1119 413 1149 ex
450 1103 566 1151 urbe
613 1104 722 1152 duci
764 1103 965 1168 juberet.
1001 1104 1074 1153 M.
1114 1105 1336 1153 Valerius
1374 1104 1545 1152 Laevi-

229 1186 318 1216 nus
364 1170 611 1219 Arretium
656 1190 733 1220 eas
772 1174 988 1239 legiones
1031 1173 1179 1221 duxit.
1216 1172 1408 1221 Eisdem
1448 1173 1547 1220 die·

227 1237 316 1285 bus
349 1238 424 1303 (9)
452 1244 599 1286 naves
620 1244 858 1289 onerarias
885 1241 1145 1290 Poenorum
1176 1241 1235 1289 ad
1262 1241 1542 1307 obtoginta,

226 1307 352 1353 circa
387 1305 686 1364 Sardiniam,
721 1309 780 1356 ab
815 1308 907 1358 Cn.
945 1308 1157 1357 ORavio
1183 1347 1196 1366 ‚
1236 1312 1314 1375 qui
1343 1311 1548 1376 provin-

226 1375 312 1421 cire
356 1391 588 1439 praeerat,
637 1393 829 1442 captas,
875 1375 1064 1426 Coelius
1111 1376 1357 1426 frumento
1400 1376 1543 1425 misso

224 1442 286 1489 ad
323 1443 618 1491 Annibalem
654 1461 1029 1512 commeatuque
1061 1444 1281 1501 onustas,
1318 1445 1542 1492 Valerius

220 1511 434 1575 praedam
498 1511 741 1561 Etruscam
806 1513 1132 1581 Ligurumque
1197 1529 1541 1561 montanorum

229 1581 452 1643 captivos
489 1579 832 1647 Carthaginem
868 1596 1238 1648 perportantes‚
1278 1582 1436 1630 tradit.
1484 1580 1538 1629 In

227 1645 428 1695 Bruttiis
461 1649 575 1695 nibil
624 1648 773 1698 ferme
817 1669 944 1699 anno
990 1669 1051 1699 eo
1096 1651 1410 1698 memorabile
1456 1666 1541 1716 ge-

227 1712 370 1763 stum.
411 1714 677 1764 Pestilentia
710 1717 953 1767 incesserat
985 1720 1083 1785 pari
1112 1718 1248 1766 clade
1277 1720 1322 1766 in
1355 1718 1541 1766 Rorna-

226 1800 318 1831 nos
361 1783 665 1851 Poenosque3
702 1786 784 1833 nisi
829 1786 960 1853 quod
1005 1786 1234 1834 Punicum
1274 1788 1538 1835 exercitum

227 1849 369 1915 super
419 1854 645 1900 morbum
715 1857 853 1903 etiam
905 1854 1056 1903 fames
1105 1853 1278 1902 affecit.
1336 1854 1540 1918 Propter

227 1916 430 1968 Junonis
491 1919 698 1969 Laciniae
759 1923 994 1988 templum
1056 1922 1263 1971 aesta-tem
1321 1922 1536 1971 Annibal

223 1990 355 2053 egit;
391 1989 554 2053 ibique
590 2007 716 2037 aram
753 1992 970 2039 condidit
1016 1991 1354 2056 dedicavitque
1377 2029 1389 2048 ‚
1424 2006 1538 2037 cum

225 2055 405 2121 ingenti
450 2073 607 2103 rerum
658 2057 714 2104 ab
757 2059 802 2107 se
850 2058 1083 2124 gestarum
1128 2059 1300 2118 titulo,
1350 2057 1539 2107 Punicis

223 2121 503 2190 Graecisque
539 2124 710 2174 litteris
743 2126 994 2194 insculpto.

291 2228 314 2269 8
358 2228 524 2283 Imperio
563 2234 628 2269 cui
661 2233 852 2270 videretur
912 2245 985 2270 ves·
1010 2229 1218 2270 onerarias
1241 2227 1463 2268 Poenorum
1485 2227 1534 2268 ad

214 2292 356 2344 dato]
400 2291 480 2331 Hic
528 2306 676 2333 vocum
716 2294 846 2342 ordo,
913 2293 1269 2347 ofiogintacaptas
1287 2291 1537 2331 Coeliusva·

222 2365 345 2406 quem
363 2361 510 2393 tenent
529 2355 716 2408 plerique
735 2356 848 2394 codi-
913 2356 1118 2408 leriusque
1139 2353 1303 2392 tradunt
1316 2384 1325 2401 ,
1349 2353 1419 2391 ille
1442 2352 1533 2392 fru-

221 2427 292 2454 ces
310 2445 321 2464 ,
375 2416 538 2455 videtur
590 2416 846 2457 commodior
910 2426 1054 2457 mento
1074 2413 1233 2455 onustas
1248 2446 1258 2464 ‚
1278 2415 1342 2454 hic
1360 2427 1533 2468 perpor-

222 2477 394 2530 vulgato
415 2506 425 2524 ‚
448 2481 512 2517 cui
529 2480 689 2534 imperio
707 2480 846 2518 videre·
911 2487 1044 2518 tanres
1067 2477 1360 2531 Carthaginem
1386 2475 1531 2516 Etrus-

222 2549 288 2576 tur
306 2539 402 2576 dato
910 2554 996 2580 cam
1017 2539 1191 2593 praedam
1217 2552 1308 2581 cum
1335 2537 1532 2596 Ligurum

282 2614 309 2654 9
333 2599 469 2640 Naves
484 2605 682 2642 onerrrias
699 2601 844 2642 Poeno-
910 2603 1105 2659 captivis.

218 2672 343 2705 tum..
381 2676 543 2718 captas,
565 2664 741 2723 Caelius]
763 2666 856 2718 Na·⁴
