1649 3104
277 109 351 186 78
681 111 757 169 T.
841 113 1174 170 L1⁷v11

60 202 254 259 lle-54⁶.
278 207 405 255 tibus
429 243 444 267 ‚
480 218 661 256 ceteras
695 225 866 258 omnes
902 211 1067 275 copias
1106 209 1127 277 (
1157 226 1291 261 erant
1321 226 1483 262 autem
1497 211 1572 262 vi-

62 262 251 305 ²·C·2¹0
275 276 393 342 ginti
414 277 625 342 quinque
644 277 787 327 millia
802 278 1046 344 peditum,
1071 279 1168 328 duo
1197 282 1343 329 millia
1369 282 1420 330 ἃ
1438 283 1580 347 quin-

276 345 410 409 genti
439 348 626 411 equites
658 343 680 411 )
714 345 910 395 Iberum
947 345 1150 409 trajecit.
1186 347 1259 396 Ibi
1295 348 1583 415 quibusdam

272 410 612 472 suadentibus,
642 429 692 462 ut
712 451 729 471 ,
757 415 986 479 quoniam
1018 416 1064 462 in
1098 431 1196 463 tres
1234 431 1332 464 tam
1370 415 1581 466 diversas

272 482 497 548 regiones
538 479 839 530 discessissent
876 481 1043 530 Punici
1088 486 1327 533 exercitus
1356 521 1370 544 ,
1411 485 1580 551 proxi-

274 567 410 597 mum
443 550 815 617 aggrederetur,
853 551 1119 615 periculum
1168 550 1259 600 esse
1305 568 1431 601 ratus
1459 590 1472 609 ,
1516 568 1581 600 ne

276 635 336 665 eo
374 616 496 666 fast'o
526 620 574 665 in
613 636 758 666 unum
792 636 963 667 omnes
999 621 1338 679 contraheret,
1374 637 1462 668 nec
1491 637 1580 685 par

93 685 391 734 Cartha-esset
420 704 540 735 unus
562 700 635 734 tot
661 687 950 735 exercitibus
967 724 981 746 ,
1015 686 1357 755 Carthaginem
1378 687 1580 737 Novam

55 764 109 804 go
125 752 255 792 Nox-a
276 755 466 803 interim
500 772 781 821 oppugnare
816 754 1006 812 statuit3
1044 756 1215 804 urbem
1242 774 1390 824 quum
1426 755 1577 821 ipsam

61 827 256 871 oppugna·
276 823 560 889 opulentam
592 821 683 871 suis
707 823 882 889 opibus
905 860 920 882 ‚
951 838 1053 871 tum
1088 824 1294 874 hostium
1318 827 1452 874 omni
1472 824 1578 873 bel-

62 888 117 915 Μ·
275 892 368 940 iico
391 906 619 957 apparatu
637 891 863 957 pienam3
904 891 1007 955 (ibi
1037 911 1165 941 arma
1189 931 1204 952 ‚
1234 893 1301 941 ibi
1336 894 1541 960 pecunia
1561 928 1579 952 ,

272 961 339 1007 ibi
368 961 515 1007 totius
541 959 780 1027 Hispaniae
798 958 989 1009 obfides
1011 975 1142 1010 erant
1163 960 1186 1026 )
1219 960 1355 1010 fitam
1377 976 1577 1027 praeter-

269 1045 324 1076 ea
348 1045 496 1094 quum
527 1029 802 1095 opportune
822 1029 882 1077 ad
902 1027 1238 1094 trajiciendum
1259 1032 1306 1077 in
1324 1029 1576 1089 Africam,

268 1112 375 1144 tum
395 1095 533 1162 super
555 1112 749 1163 portum
771 1095 876 1145 satis
901 1098 1115 1164 amplum
1136 1100 1399 1164 quantaevis
1422 1095 1579 1158 claffi,

266 1165 320 1215 ὃς
338 1164 499 1214 nescio
532 1183 590 1213 an
618 1183 769 1214 unum
800 1168 850 1214 in
872 1165 1110 1232 Hispaniae
1137 1184 1221 1214 ora
1239 1205 1256 1226 ‚
1287 1166 1381 1233 qua
1409 1165 1576 1215 nostro

267 1232 456 1299 adjacet
482 1236 618 1283 mari.
666 1233 831 1283 Nemo
867 1237 1087 1283 omnium
1120 1235 1218 1300 quo
1268 1237 1415 1284 iretur
1451 1233 1580 1283 scie-

262 1303 383 1362 bat,
423 1318 595 1369 praeter
633 1300 692 1352 C.
721 1302 940 1352 Laelium.
986 1302 1032 1351 Is
1057 1339 1071 1362 ‚
1110 1302 1246 1352 classe
1276 1301 1577 1352 circummis-

262 1369 336 1420 sus
358 1409 372 1432 ,
405 1372 468 1419 ita
506 1371 751 1420 moderari
799 1370 986 1420 cursum
1031 1373 1226 1421 navium
1255 1370 1398 1435 juffus
1436 1386 1574 1430 erat,

262 1455 316 1487 ut
343 1440 525 1487 eodem
564 1454 790 1505 tempore
826 1442 1063 1488 exercitus
1109 1439 1480 1499 ostenderetur,
1517 1441 1572 1490 &

262 1505 412 1558 claffis
448 1522 643 1573 portum
689 1509 904 1556 intraret.
959 1507 1177 1573 Septimo
1217 1509 1299 1556 die>
1332 1509 1389 1556 ab
1424 1507 1573 1556 ibero

265 1575 612 1644 Carthaginem
644 1591 848 1625 ventum
879 1574 977 1635 est,
1009 1576 1146 1624 simul
1183 1576 1310 1624 terra
1335 1578 1575 1642 marique.

269 1643 438 1695 Castra
467 1646 525 1693 ab
557 1647 754 1712 regione
773 1644 902 1693 urbis
925 1682 939 1705 ‚
974 1644 1068 1711 qua
1100 1646 1148 1691 in
1179 1642 1573 1709 Septentrionem

267 1714 405 1764 versa
444 1713 512 1763 est
536 1752 553 1772 ‚
592 1712 745 1779 posita
770 1733 781 1763 ε
821 1714 889 1761 his
912 1713 970 1760 ab
996 1728 1134 1778 tergo
1161 1711 1181 1778 (
1204 1730 1313 1760 nam
1339 1711 1473 1761 frons
1495 1729 1576 1760 na-

270 1782 377 1831 tura
411 1797 512 1831 tuta
542 1782 687 1849 erat)
727 1783 909 1830 vallum
942 1780 1200 1843 objettum.
1235 1779 1464 1830 Ceterum
1490 1779 1572 1830 fita

84 1856 247 1898 Cartha-
271 1849 516 1919 Carthago
556 1849 620 1900 fic
657 1849 738 1899 est.
795 1849 934 1898 Sinus
974 1849 1041 1898 est
1082 1850 1226 1897 maris
1262 1849 1424 1898 media
1467 1848 1570 1899 fere

51 1922 156 1977 gings
187 1922 244 1964 Ν.
270 1921 515 1986 Hispaniae
539 1920 653 1977 ora,
686 1919 893 1967 maxime
918 1917 1090 1966 Africo
1113 1932 1265 1967 vento
1292 1916 1563 1983 oppositus,

40 1981 158 2033 fiffla‘·
271 1991 324 2039 &
342 1988 422 2057 (2)
446 1991 734 2057 quingentos
753 1986 905 2056 passus
934 1984 1163 2036 introrsus
1181 1985 1434 2046 retra&us3
1461 2004 1580 2053 pau-

268 2059 370 2108 }uio
398 2059 506 2123 plus
537 2056 752 2125 passuum
772 2058 822 2104 in
849 2056 1152 2105 latitudinem
1184 2069 1352 2120 patens
1388 2072 1398 2102 ε
1432 2053 1578 2120 hujus

265 2129 315 2176 in
351 2126 474 2176 ostio
502 2126 625 2176 finus
662 2143 809 2191 parva
834 2124 984 2173 insula
1015 2121 1203 2189 obje&a
1231 2123 1288 2170 ab
1321 2122 1419 2171 alto
1456 2140 1577 2189 por-

265 2211 366 2246 tum
408 2197 467 2245 ab
501 2196 725 2244 omnibus
762 2196 919 2243 ventis
942 2230 955 2251 ‚
1004 2208 1325 2260 praeterquam
1357 2189 1526 2240 Africo
1557 2227 1576 2253 ,

186 2276 190 2281 ’
263 2281 424 2315 tutum
455 2264 599 2314 facit:
636 2264 695 2312 ab
718 2264 888 2312 intimo
923 2261 1023 2310 sinu
1062 2259 1310 2328 peninsula
1334 2261 1574 2320 excurrit,

264 2334 476 2387 tumulus
511 2335 549 2383 is
584 2332 716 2401 ipse,
754 2335 804 2381 in
838 2349 936 2399 quo
977 2330 1172 2380 condita
1205 2329 1316 2378 urbs
1353 2326 1419 2377 est
1451 2365 1466 2388 ‚
1513 2327 1574 2378 ab

331 2493 356 2519 2
383 2475 631 2534 Quingentos
645 2465 803 2528 paffizs']
825 2471 887 2511 Ex
949 2469 1240 2526 vigincistadia
1259 2469 1398 2509 habet.
1425 2468 1505 2508 Sed
1532 2470 1573 2510 δε

264 2540 443 2596 Poiybio
471 2571 481 2590 ,
518 2539 546 2578 l.
576 2536 630 2576 X.
668 2535 886 2589 legendum
953 2546 1003 2572 ex
1017 2533 1162 2573 eodem
1180 2532 1385 2585 moxlege
1404 2531 1574 2584 paululo

270 2603 359 2650 est,
384 2603 437 2641 ad
475 2600 534 2640 bis
562 2597 670 2638 mille
699 2597 736 2636 5·
769 2598 886 2649 quin·
947 2594 1041 2649 plus
1088 2594 1199 2634 mille
1249 2592 1286 2636 G·
1323 2594 1575 2634 ducentorum

268 2676 405 2723 gentos
419 2660 552 2720 paffus
573 2676 583 2704 :
609 2659 694 2715 ipse
715 2658 821 2700 enim
838 2657 891 2697 ad
953 2654 1142 2711 paffuurzfz.
