1649 3104
297 109 372 190 38
703 105 1199 173 TQLIVIr

83 180 389 258 Uof·54¹.pias
429 210 546 260 quas
576 210 635 243 ex
663 209 835 245 vetere
867 198 1081 246 exercitu
1113 197 1341 263 Hispania
1362 195 1607 262 habebat}

75 247 494 329 -²⁰(‘·2¹¹·quaeque
537 280 563 310 a
602 264 812 330 puteolis
855 284 972 314 cum·
1002 264 1216 315 Claudio
1249 265 1452 316 Nerone
1496 285 1600 317 tra-

282 327 419 396 jeuae
440 347 605 389 erant,
639 332 716 399 (1)
748 333 920 383 decem
951 335 1099 382 millia
1121 336 1325 383 militurn
1348 372 1361 394 ,
1389 337 1602 385 &mille

286 400 475 465 equites
510 401 749 449 adduntur
774 419 795 460 3-
824 403 878 451 δι’.
923 402 996 451 Μ.
1033 401 1201 451 Junius
1247 401 1446 451 Silanus·
1477 422 1595 470 pro-

283 482 462 534 praetor
499 467 692 534 adjutor
736 470 796 517 ad
830 488 906 519 res
945 472 1180 538 gerendas
1214 470 1350 520 datus
1389 469 1474 521 est.
1522 471 1602 522 Ita·

280 553 398 586 cum·
416 539 605 605 triginta
635 540 831 586 navium
864 538 999 588 classe
1029 539 1242 607 (omnes
1269 556 1430 589 autem
1453 541 1594 607 quin-

280 622 535 672 queremes
555 606 729 673 erant)
751 605 902 656 Ostiis
920 607 1171 657 Tiberinis
1185 607 1424 674 profecius
1439 645 1454 668 ‚
1472 627 1594 675 prae-

279 686 356 721 ter
386 692 521 723 oram
549 673 693 723 Tusci
722 679 866 724 maris
884 712 900 734 ‚
921 677 1074 743 Alpes
1097 692 1242 744 atque
1270 675 1514 726 Gallicum
1536 675 1594 725 fi-

276 759 395 791 num
416 781 428 802 ‚
454 744 507 793 ὃ(
535 743 712 793 deinde
739 744 957 811 Pyrenes
987 744 1335 794 circumve5³ms
1359 762 1603 812 promon-·

279 812 465 860 torium
485 850 500 871 ‚
530 811 775 878 Emporiis
815 813 933 862 urbe
964 812 1166 870 Graeca‚
1195 814 1276 881 (2)
1313 814 1506 862 oriundi
1536 815 1594 864 &

72 867 197 943 V‘f'u’t
227 875 367 946 inipfi
389 899 416 928 a
445 881 650 929 Phocaea
678 881 782 930 sunt
804 921 819 940 ‚
850 886 1016 949 copias
1062 882 1285 948 exposuit
1317 900 1328 930 ε
1364 884 1477 931 inde
1521 882 1597 931 se·-

69 932 220 1004 H‘spa‘
282 951 365 1015 qui
417 950 618 999 navibus
655 948 818 1016 justis,
854 949 1187 1000 Tarraconem
1234 952 1441 1017 pedibus
1478 969 1596 1017 pro-

277 1016 461 1077 fe&us‚
497 1034 797 1069 conventum
830 1022 1050 1068 omnium
1082 1020 1325 1070 sociorum
1370 1019 1591 1087 (etenim

277 1085 546 1154 legationes
576 1088 636 1136 ad
667 1088 845 1137 famam
883 1088 1119 1138 adventus
1149 1087 1253 1152 ejus
1290 1106 1348 1137 ex
1381 1090 1514 1137 ornni
1544 1087 1601 1137 se‘

278 1157 533 1221 provincia
557 1155 861 1223 effuderant)
887 1157 1054 1206 habuit
1087 1177 1096 1206 :
1126 1174 1274 1206 naves
1303 1158 1370 1205 ibi
1394 1156 1598 1206 subduci-

277 1221 405 1289 juffit
423 1264 435 1282 ,
455 1223 653 1274 rem-{ssis
675 1240 883 1293 quatuor
899 1227 1170 1275 triremibus
1196 1223 1559 1274 Maffilienfium
1577 1262 1595 1286 ,

278 1311 386 1359 quae
418 1292 567 1343 officii
610 1295 753 1343 causa
785 1296 844 1343 ab
883 1295 1034 1344 domo
1079 1293 1346 1362 prosecutae
1385 1293 1592 1344 fuerant.

274 1361 524 1428 Responsa
571 1364 684 1412 inde
731 1365 1050 1431 legationibus
1089 1362 1318 1430 suspensis
1357 1365 1594 1412 varietate

277 1444 353 1479 tot
377 1430 568 1480 casuum
597 1433 711 1481 dare
746 1434 897 1499 coepit
916 1471 927 1489 ‚
949 1431 1028 1499 (3)
1059 1434 1122 1481 ita
1154 1433 1282 1481 elato
1315 1432 1374 1481 ab
1403 1433 1590 1499 ingenti

273 1501 509 1549 virtutum
544 1499 731 1551 suarum
765 1499 942 1549 fiducia
973 1503 1132 1550 animo
1153 1539 1167 1560 ‚
1201 1516 1253 1550 ut
1294 1500 1479 1548 nullum
1514 1498 1589 1548 fe-

266 1585 361 1618 rox
387 1571 597 1618 verbum
632 1569 874 1620 excideret
913 1588 927 1630 3
963 1569 1040 1637 (4)
1070 1568 1331 1636 ingensque
1361 1569 1588 1618 omnibus

264 1654 374 1705 quae
399 1638 582 1688 diceret
599 1678 613 1699 ‚
638 1656 787 1706 quum
812 1636 1032 1698 maiestas
1057 1636 1224 1686 ineffet
1245 1677 1257 1699 ,
1285 1653 1387 1686 tum
1414 1636 1555 1686 fides.

333 1706 446 1755 XX.
497 1707 743 1757 Profefirus
787 1708 846 1755 ab
893 1706 1173 1756 Tarracone
1209 1745 1222 1766 ‚
1267 1710 1317 1757 ἃ
1364 1709 1587 1756 civitates

263 1774 509 1824 sociorum
550 1777 604 1826 δι’
642 1777 839 1825 hiberna
876 1776 1113 1825 exercitus
1147 1776 1261 1824 adiit
1299 1795 1313 1837 3
1343 1776 1585 1824 collauda·

331 1877 347 1905 1
369 1863 520 1903 Decem
539 1865 669 1904 millia
687 1867 857 1905 militum
879 1899 900 1918 r
958 1864 1103 1921 egisset
1125 1881 1137 1914 3
1169 1864 1303 1919 eoque
1337 1862 1580 1903 referendas

262 1926 301 1967 6·
333 1926 442 1966 mille
481 1929 665 1982 equites]
705 1928 893 1968 Militum
955 1942 1084 1969 voces
1104 1960 1114 1978 ,
1144 1927 1180 1967 G·
1207 1926 1290 1981 ipfi.

259 1987 328 2029 hic
354 2003 429 2043 pro
446 1992 624 2043 peditum
642 2021 652 2041 ,
678 1991 788 2044 quod
809 1991 895 2044 jam

263 2051 572 2093 observavimus
604 2053 653 2093 ad
681 2055 708 2094 l.
744 2054 820 2096 IV.
851 2068 887 2094 c.

275 2128 346 2170 59·

337 2190 361 2217 2
383 2174 553 2216 Oriundi
584 2176 622 2216 6·
641 2176 714 2232 ipfi
737 2193 761 2216 a
786 2175 896 2218 Pho-

269 2241 368 2293 caea]
388 2239 519 2279 Nobis
536 2237 710 2293 suspicio
734 2240 865 2281 oritur
881 2272 905 2294 ‚2

272 2315 324 2341 ex
347 2315 398 2341 eo
423 2299 533 2355 quod
553 2302 656 2342 infra
675 2304 830 2343 mentio
849 2302 895 2343 fit

268 2365 320 2404 de
335 2364 568 2404 triremibus
592 2364 894 2406 Massiliensium

270 2426 508 2480 Scipionem
544 2426 669 2467 officii
691 2428 814 2468 causa
844 2430 891 2469 ab

272 2488 397 2529 domo
423 2489 652 2543 prosecutis
667 2522 677 2541 ‚
695 2492 736 2530 in
758 2505 896 2530 narra-

273 2551 390 2591 tione
415 2553 688 2607 navigationis
712 2552 799 2606 ejus
819 2553 897 2592 aii-

272 2623 378 2667 quot
421 2614 612 2654 excidisse
650 2629 777 2656 voces
798 2647 809 2666 ‚
857 2615 898 2654 in

271 2676 418 2731 quibus
447 2677 498 2718 de
528 2676 704 2721 Massilia
723 2677 900 2734 scriptor

1019 2004 1038 2045 3
1060 1989 1125 2030 Ita
1140 1990 1248 2030 elato
1264 2021 1273 2030 .
1289 2018 1299 2029 .
1317 2018 1326 2028 .
1338 1990 1489 2035 animo,
1504 1999 1548 2027 ut
1559 1987 1589 2041 J

953 2047 1075 2093 Elato
1110 2052 1272 2107 quidem
1302 2051 1439 2091 animo
1466 2082 1477 2102 ,
1510 2049 1582 2090 sed

960 2116 1014 2156 ita
1042 2126 1179 2156 tamen
1196 2124 1241 2154 ut
1255 2143 1265 2154 .
1337 2113 1454 2166 Saepe
1486 2126 1583 2165 par·

959 2178 1085 2219 ticula
1114 2179 1171 2217 ita
1193 2210 1199 2225 .,
1237 2190 1321 2216 non
1343 2174 1584 2215 intendendi

959 2242 1040 2281 vim
1074 2241 1201 2282 habet
1217 2271 1228 2291 ,
1246 2238 1316 2280 sed
1336 2237 1588 2294 restringen-

958 2303 1015 2345 di.

1019 2379 1051 2416 4·
1067 2364 1278 2422 Ingensqite
1296 2361 1510 2419 omnibus]
1529 2361 1583 2403 Et

957 2430 999 2468 in
1042 2430 1231 2469 omnibus
1263 2442 1352 2483 quae
1396 2427 1554 2467 diceret
1573 2455 1584 2476 ,

962 2489 1071 2531 simul
1097 2493 1302 2532 retineret
1316 2488 1556 2544 dignitatem
1573 2518 1594 2538 ,A

961 2553 1072 2594 sii-*ul
1098 2552 1292 2597 efficeret·
1313 2561 1360 2595 ut
1384 2549 1454 2595 fibi
1476 2549 1579 2593 fides

960 2618 1210 2663 haberetur.-

990 2708 1010 2720 Γ*
