1649 3104
0 2747 15 2770 k

326 125 685 180 LIBER
767 122 1014 182 XXX.
1205 107 1331 206 357¹

8 215 240 270 nmul-ttrite
274 218 465 268 fortuna
497 219 784 288 agebantur3
826 220 878 269 &
906 222 952 267 in
988 238 1086 287 quo
1119 220 1316 288 quisque
1335 226 1529 288 U.c.549.'

26 285 268 345 ceffaffet,
299 289 437 354 prodi
473 289 530 335 ab
565 287 609 336 se
638 288 830 336 salutem
859 291 1073 336 omnium
1108 290 1316 339 rebatur.
1338 286 1528 333 ²1·ss-2030

27 354 192 420 Scipio
235 372 427 421 gravem
476 355 568 418 jam
622 356 780 422 spoliis
829 357 1085 403 multarum
1127 358 1316 405 urbium

23 425 288 472 exercitum
327 426 517 472 trahens
541 460 555 480 ‚
594 426 795 489 captivis
839 424 1024 489 aliaque
1071 424 1231 489 praedss.
1268 427 1319 474 in

29 505 197 539 vetera
234 489 381 539 castra
420 492 480 539 ad
525 492 718 540 Uticam
756 489 932 544 missis,
967 489 1063 554 jam
1109 494 1153 538 in
1202 490 1320 540 Car-

27 559 274 624 thaginem
319 561 560 616 intentus,
599 575 803 625 occupat
845 558 1053 607 relictum
1091 558 1203 624 fuga
1238 579 1324 608 cu-

28 624 220 676 stodum
260 625 452 675 Tuneta
488 647 497 675 :
534 628 662 675 abest
701 628 758 674 ab
792 625 1083 693 Carthagine
1118 628 1327 694 quinde-

31 695 127 742 cim
172 695 322 742 millia
356 694 508 742 ferme
546 694 756 760 pass'uum
803 695 935 742 locus
973 713 1118 761 quum
1165 697 1328 760 operi-

32 761 122 810 bus
147 799 162 820 ,
210 778 313 810 tum
347 762 510 828 suapte
551 765 715 810 natura
758 777 884 809 tutus
910 800 923 821 ‚
963 764 1012 811 ὃ(
1052 764 1133 829 qui
1177 764 1227 812 ὃ(
1267 762 1327 811 ab

31 825 321 896 Carthagine
357 829 607 894 conspici,
647 831 697 879 &
737 832 949 894 praebere
991 833 1086 894 ipse
1126 829 1329 896 prospe-

19 895 161 945 ·&um
208 915 355 962 quum
405 898 466 945 ad
508 898 706 958 urbem,
754 913 855 945 turn
896 898 956 946 ad
994 899 1328 948 circumfusum

18 981 165 1016 'mare
195 966 299 1013 urbi
335 964 505 1032 posset.

104 1032 167 1081 X.
198 1032 315 1082 Inde
337 1072 355 1092 ‚
387 1051 531 1100 quum
569 1033 775 1082 maxime
806 1032 987 1081 vaHum
1019 1033 1228 1082 Romani
1264 1032 1330 1100 ja-

21 1115 237 1160 ·cerent,
277 1101 524 1168 conspecia
563 1099 709 1149 classis
749 1100 953 1149 hostium
999 1100 1100 1157 est,
1134 1102 1328 1150 Uticam

34 1166 325 1236 Carthagine
356 1184 543 1235 petens.
581 1168 748 1235 Igitur,
776 1168 944 1217 omisso
973 1186 1122 1235 opere
1149 1206 1165 1226 ,
1206 1188 1329 1235 pro-

22 1239 313 1285 ·nunciatum
374 1239 504 1299 iter,
554 1235 776 1303 signaque
827 1239 996 1302 raptim
1060 1236 1171 1284 ferri
1224 1237 1328 1286 sunt

37 1319 233 1371 coepta3
262 1321 320 1353 ne
355 1323 501 1353 naves
533 1307 578 1352 in
607 1319 781 1352 terram
813 1305 864 1353 ὃς
893 1303 1195 1353 obfidionem
1219 1322 1331 1354 ver-

1382 1327 1544 1383 Claffem

37 1370 99 1420 sae
122 1409 136 1433 ,
165 1391 218 1420 ac
249 1373 442 1421 minime
474 1374 629 1420 navali
660 1371 832 1438 proelio
851 1388 972 1437 aptae
1004 1374 1331 1438 opprimeren-
1350 1388 1498 1430 Roma·

28 1453 131 1489 tur.
158 1439 263 1505 Qui
294 1443 419 1489 enim
448 1439 712 1490 restitissent
743 1439 818 1506 (2)
843 1442 950 1505 agili
975 1442 1024 1490 &L
1052 1443 1242 1490 nautico
1263 1443 1330 1488 in·
1351 1466 1440 1491 nam
1483 1455 1547 1492 in-

37 1506 303 1557 strumento
329 1524 449 1575 aptae
483 1511 534 1559 ὃς
567 1523 756 1556 armatae
788 1507 912 1555 classi
946 1525 1095 1557 naves
1125 1522 1335 1557 tormen·
1355 1516 1507 1554 vadunt

41 1590 90 1625 ta
117 1577 448 1643 machinasque
481 1591 726 1642 portantes
752 1614 766 1633 ‚
799 1577 850 1625 &
886 1591 963 1624 aut
1005 1577 1052 1623 in
1095 1579 1338 1626 oneraria·-
1359 1576 1492 1624 Carth·

31 1661 155 1693 rum
188 1643 319 1692 usum
348 1644 523 1704 versae,
551 1660 629 1692 aut
654 1647 717 1693 ita
749 1644 954 1710 appulsae
981 1644 1040 1691 ad
1062 1662 1226 1694 muros
1244 1681 1259 1704 ,
1287 1661 1340 1694 ut

45 1729 136 1778 pro
171 1729 345 1779 aggere
374 1731 426 1760 ac
459 1712 682 1777 pontibus
717 1713 930 1777 praebere
964 1710 1213 1762 adscensus
1244 1712 1346 1780 pos·

46 1777 184 1829 sent?
236 1782 396 1845 ltaque
438 1779 637 1847 Scipio,
688 1780 854 1829 contra
901 1779 1043 1846 quam
1082 1782 1129 1828 in
1181 1782 1344 1829 navali

48 1849 311 1897 certamine
330 1847 471 1909 solet,
497 1848 729 1904 rostratis,
759 1846 837 1914 (3)
871 1867 976 1913 quae
996 1848 1214 1912 praesidio
1240 1849 1346 1898 aliis

48 1915 141 1965 esse
197 1931 452 1980 poterant,
500 1918 547 1964 in
595 1916 887 1983 postremam
936 1919 1091 1964 aciem
1136 1919 1345 1983 receptis

48 2001 203 2051 prope
242 1999 453 2044 terram,
489 1987 811 2033 onerariarum
853 1984 1211 2050 quadruplicem
1260 2002 1348 2034 or-

49 2053 212 2100 dinem
266 2070 354 2116 pro
397 2070 536 2101 muro
585 2052 810 2101 adversus
856 2051 1044 2100 hostem
1083 2051 1348 2118 opposuit3

52 2120 224 2186 easque
253 2119 403 2186 ipsas,
438 2137 496 2168 ne
532 2121 580 2168 in
615 2121 820 2168 tumultu
850 2137 1019 2186 pugnae
1050 2121 1224 2169 turbari
1267 2139 1352 2168 or-

50 2188 188 2237 dines
227 2188 450 2254 possent,
491 2188 626 2237 malis
673 2187 978 2253 antennisque
1025 2187 1084 2236 de
1132 2206 1256 2237 nave
1294 2190 1344 2235 in

51 2273 231 2311 navem
265 2254 502 2321 trajeffl5‚
548 2274 601 2305 ac
642 2255 815 2304 validis
859 2254 1053 2303 funibus
1085 2258 1220 2305 velut
1250 2273 1350 2306 uno

115 2373 142 2402 2
163 2357 277 2416 Agin
295 2358 332 2398 ὃ·
350 2364 510 2400 nautico
529 2363 669 2413 instru-
727 2363 938 2417 poterant]
977 2362 1080 2413 Quae
1096 2389 1109 2405 ,
1138 2358 1162 2398 fi
1195 2359 1244 2399 de
1278 2374 1354 2399 na-

18 2468 19 2471 ,
53 2435 181 2464 mento
202 2434 351 2478 aptae..
377 2422 516 2479 claffi]
550 2423 670 2464 Claffi
733 2425 812 2462 vali
847 2438 978 2477 pugna
1020 2431 1211 2473 ageretur
1231 2451 1242 2470 ,
1273 2436 1354 2473 po-

53 2487 149 2541 agili
176 2488 224 2527 ad
251 2495 405 2526 motum
421 2517 431 2535 ,
463 2486 503 2526 &
527 2486 671 2526 instru-
734 2483 899 2525 tuissent
921 2483 998 2524 effe
1023 2482 1109 2521 aliis
1132 2481 1313 2536 praesidio
1339 2496 1352 2523 :

54 2548 129 2588 &ae
153 2558 387 2601 ornataeque
406 2547 670 2599 instrumento
735 2561 904 2602 quarum
937 2548 967 2585 is
999 2542 1122 2596 vulgo
1150 2544 1243 2586 usus
1271 2542 1354 2596 est,

55 2613 236 2653 nautico.
735 2619 780 2651 ut
800 2609 888 2651 aliis
904 2605 1083 2664 praefidio
1105 2605 1193 2653 sint.

121 2685 144 2732 3
183 2671 280 2735 Quae
295 2671 473 2732 praefidz'o
492 2672 589 2715 aliis
607 2668 677 2729 effe
