1649 3104
374 88 728 144 LIBER
813 84 1097 144 XXVI.
1315 100 1388 160 39

85 167 256 236 vitque
285 168 456 218 milites
479 204 492 227 ,
511 167 644 234 quod
661 167 843 217 duabus
862 169 1005 216 tantis
1024 163 1235 214 cladibus
1259 163 1388 214 dein·
1403 188 1520 240 U.c.5
1528 195 1600 237 41,

91 255 208 304 ceps
238 236 314 285 iffi
333 275 347 298 ‚
372 236 449 302 (5)
480 238 780 302 provinciam
819 233 1122 284 obtinuissent
1143 251 1157 291 ;
1179 251 1268 282 nec
1292 233 1389 283 fru-
1403 243 1597 290 a.C.21r.

92 305 218 354 §lum
249 304 561 354 secundarum
610 321 772 353 rerum
819 302 990 351 sentire
1032 301 1191 351 hostes
1240 300 1392 368 paffi,

90 376 225 423 omni
259 375 328 422 cis
361 371 555 422 Iberum
577 390 692 440 agro
727 389 811 420 eos
838 368 1118 428 arcuissent,
1140 368 1391 436 sociosque

91 459 207 490 cum
235 440 335 490 fide
371 443 509 490 tutati
542 442 702 491 essent.
733 439 970 488 Marcium
1000 437 1160 486 secum
1184 437 1393 488 habebat

92 527 204 558 cum
225 524 360 558 tanto
392 510 609 569 honore,
631 525 683 557 ut
715 507 853 556 facile
886 521 1141 572 appareret
1161 506 1393 554 nihilmi*

91 579 181 626 nus
218 578 360 644 quam
389 580 578 638 vereri,
611 595 671 626 ne
708 579 812 643 quis
849 575 1058 625 obstaret
1082 575 1246 643 gloriae
1281 572 1392 624 suae.

88 644 316 696 Succeffit
348 646 461 694 inde
504 645 691 694 Neroni
737 643 955 701 Silanus,
1001 644 1052 693 ὃ(
1098 646 1145 692 in
1190 641 1392 692 hiberna

91 716 211 763 novi
249 713 426 764 milites
463 713 668 762 deduffi.
713 711 875 779 Scipio
909 711 1134 760 omnibus
1167 729 1274 778 quae
1313 711 1396 759 ad-

89 782 246 832 eunda
275 782 553 849 agendaque
587 795 751 839 erant,
779 781 962 829 mature
996 781 1132 829 aditis
1166 778 1393 846 peraffls-

91 867 187 916 que
208 888 220 910 ‚
245 849 574 899 Tarraconem
603 847 849 899 conceffit.
883 847 1051 898 Nihilo
1085 849 1245 897 minor
1270 847 1396 897 fama

83 919 219 983 *apud
259 917 416 967 hostes
461 918 702 985 Scipionis
741 931 875 978 erat,
912 917 1056 982 quam
1093 917 1220 982 apud
1260 919 1395 967 cives

88 985 338 1054 sociosque
363 988 447 1045 3&
484 986 562 1053 (6)
593 987 823 1037 divinatio
848 985 1066 1052 quaedam
1091 984 1266 1044 futuri,
1292 1003 1392 1052 quo

92 1055 250 1103 minus
287 1056 408 1103 ratio
438 1056 624 1103 timoris
657 1055 791 1104 reddi
829 1068 1018 1120 poterat
1050 1053 1212 1102 oborti
1243 1067 1396 1103 teme-

90 1139 177 1180 re,
214 1122 448 1188 majorem
487 1122 696 1172 inferens
737 1137 939 1171 metum.
986 1121 1040 1170 In
1091 1121 1288 1170 hiberna
1324 1123 1396 1170 di-

91 1189 218 1239 versi
259 1189 583 1240 concesserant
615 1209 629 1250 3
662 1190 902 1240 Asdrubal
948 1188 1175 1257 Gisgonis
1196 1227 1210 1249 ‚
1244 1188 1394 1257 usqiie

89 1259 150 1307 ad
187 1257 445 1308 Oceanum
489 1261 541 1310 ἃ
576 1258 788 1320 Gades;
828 1258 979 1325 Mago
1020 1261 1068 1307 in
1111 1260 1395 1307 mediterra-

87 1344 178 1376 nea
213 1363 228 1386 ,
272 1328 480 1376 maxime
527 1327 662 1394 supra
710 1326 1113 1378 Castulonensem
1159 1326 1328 1376 saltum
1378 1342 1402 1387 3.

11 1420 14 1422 *
86 1389 326 1444 Asdrubal
348 1395 603 1446 Amilcaris
626 1395 749 1444 filius
783 1397 1029 1461 proximus
1063 1395 1209 1443 Ibero
1229 1433 1243 1454 ‚
1271 1396 1396 1443 circa

85 1462 347 1530 Saguntum
378 1464 664 1514 hibernavit.
694 1463 771 1532 (7)
797 1462 989 1512 AEstatis
1016 1461 1117 1528 ejus
1142 1476 1396 1524 extremo,

85 1535 181 1598 quei
218 1548 357 1600 capta
388 1532 456 1582 est
496 1532 664 1599 Capua
686 1569 704 1592 ‚¹
744 1534 796 1582 &
825 1530 987 1597 Scipio
1027 1533 1076 1579 in
1110 1529 1395 1598 Hispaniam

84 1601 257 1656 venit,
288 1601 463 1650 Punica
507 1600 654 1650 claffis
697 1618 756 1649 ex
799 1598 960 1653 Sicilia
1008 1598 1276 1648 Tarentum
1318 1618 1396 1649 ac·

85 1670 211 1728 cita,
246 1670 305 1718 ad
351 1670 587 1719 arcendos
636 1684 936 1718 commeatus
986 1667 1193 1735 praefidii
1242 1668 1395 1720 Rom.

85 1737 220 1804 quod
252 1739 300 1786 in
335 1756 440 1786 arce
472 1737 736 1787 Tarentina
772 1751 899 1798 erat,
930 1736 1158 1786 clauserat
1190 1737 1390 1802 quidem

85 1822 255 1853 omnes
289 1807 347 1854 ad
383 1823 540 1854 arcem
577 1826 602 1855 a
636 1808 754 1856 mari
791 1806 943 1855 aditus
976 1824 990 1867 3
1020 1805 1102 1854 sed
1139 1803 1391 1856 affidendo

83 1873 260 1922 diutius
281 1874 531 1923 arfliorem
562 1892 801 1924 annonam
836 1873 974 1923 sociis
1004 1872 1146 1940 quam
1173 1873 1295 1922 hosti
1314 1872 1399 1922 fa·

84 1943 239 1990 ciebat
261 1960 271 1990 ε
294 1961 392 1992 non
424 1944 553 1991 enim
573 1958 759 1992 tantum
789 1941 989 1991 subvehi
1025 1941 1278 2008 oppidanis
1302 1958 1390 2009 per

83 2027 250 2075 pacata
293 2012 452 2060 littora
489 2011 772 2078 apertosque
818 2026 985 2078 portus
1036 2008 1257 2076 praesidio
1303 2027 1389 2057 na-

83 2079 215 2126 vium
256 2078 537 2129 Punicarum
584 2095 774 2146 poterat
803 2117 820 2142 ‚
873 2093 1105 2148 quantum
1157 2077 1395 2127 frumenti

152 2216 172 2255 5
213 2201 464 2245 Provinciam
505 2203 698 2258 obtinuis-
825 2220 851 2258 7
877 2204 1053 2255 AEstatis
1073 2202 1155 2256 ejus
1181 2215 1349 2244 extremo
1371 2230 1385 2251 ,

71 2262 195 2319 sent]
217 2263 489 2308 Retinuiffent
510 2296 522 2316 ,
551 2267 701 2308 servas-
763 2270 839 2322 qud
858 2269 874 2321 J
904 2267 965 2306 Ex
995 2267 1043 2307 iis
1063 2298 1074 2317 ,
1094 2280 1183 2321 quae
1205 2265 1292 2319 post
1314 2280 1387 2306 can

83 2326 189 2369 sent.
762 2339 873 2384 ptam
908 2328 1090 2383 Capuam
1118 2327 1225 2384 gesta
1258 2327 1348 2367 sunt
1368 2357 1382 2378 ,

144 2390 170 2430 6
192 2389 409 2432 Divinatio
437 2394 607 2446 quaedam
623 2391 696 2445 fic-
761 2390 978 2433 verisimile
1011 2391 1064 2432 est
1102 2400 1257 2444 captam
1300 2387 1385 2429 effe

79 2453 195 2506 turi]
238 2452 315 2494 Hic
352 2455 508 2494 rursum
555 2454 697 2496 Livius
760 2456 902 2494 urbem
940 2468 1023 2494 non
1058 2463 1242 2493 extremo
1266 2482 1276 2501 ,
1313 2450 1382 2491 sed

76 2514 228 2568 aliquid
253 2515 378 2557 divini
404 2517 444 2556 in
473 2515 666 2570 Scipione
685 2547 705 2567 ,
759 2516 961 2570 principio
1016 2514 1176 2556 aestatis.
1233 2512 1379 2568 Itaque

77 2573 204 2629 iisque
229 2592 316 2631 quae
333 2578 381 2618 ad
399 2592 490 2619 eum
508 2579 695 2632 pertine·
760 2578 926 2619 omnino
985 2574 1207 2629 scripsimus
1246 2588 1259 2618 z
1302 2573 1384 2631 qud

74 2637 200 2692 bant,
218 2653 294 2695 per
310 2642 500 2698 ambages
530 2640 696 2686 indicat.
757 2653 879 2699 capta
902 2639 952 2691 cst
980 2639 1133 2695 Capuae
