1649 3104
292 70 412 144 254
707 56 782 124 T.
865 55 911 123 Ι,
954 72 976 124 1'
1019 78 1066 124 v
1107 81 1131 123 1
1173 79 1201 123 1

81 164 276 214 U.c.546.
293 161 454 212 tendis
498 159 666 228 legatis
693 200 708 223 ‚
751 163 1104 230 querendoque
1151 160 1283 229 qubd
1327 175 1483 230 portae
1522 163 1608 216 fibi

82 221 278 268 ²·00226-
294 228 429 278 socio
464 244 606 298 atque
638 231 796 280 amico
830 231 997 280 clausae
1032 231 1229 296 forent,
1257 229 1334 297 (1)
1362 231 1611 299 purgant&

293 297 384 346 bus
417 299 506 356 iis,
546 299 864 348 multitudinis
906 298 1140 348 concursu
1178 298 1349 348 faGthn
1374 337 1389 358 ‚
1430 300 1621 351 infestae*

294 366 362 416 ob
399 366 589 434 direpta
622 368 843 434 quaedam
877 367 961 415 abs
994 365 1428 416 conscendentibus
1462 385 1609 419 naves

292 434 556 492 militibus,
588 436 647 485 a'd
681 429 980 502 colloquium
1019 433 1123 499 (2)
1162 432 1365 484 Suffetes
1399 430 1610 498 eorumss

295 503 381 568 qui
418 501 628 552 summus
664 502 824 552 Poenis
865 501 932 551 est
969 501 1267 571 magistratus
1292 540 1308 561 ,
1343 521 1451 552 cum
1481 522 1610 571 quae·

293 570 421 620 stote
476 572 687 632 elicuit,
739 570 1071 639 laceratosque
1135 570 1421 620 verberibus
1481 573 1611 623 cruci

292 638 420 706 affigi
450 637 591 705 jussit.
623 639 740 687 Inde
775 639 980 687 navibus
1013 641 1072 688 ad
1107 637 1352 705 Pityusam
1380 638 1612 702 insulam,

291 725 488 757 centum
538 707 685 755 millia
716 705 868 756 ferme
906 726 929 756 a
967 710 1234 756 continenti
1284 707 1463 774 (Poeni
1498 723 1604 758 tum
1648 757 1649 761 ,

290 791 401 825 eam
444 773 760 841 incolebant)
817 772 1040 838 trajecit:
1082 777 1243 842 itaque
1288 774 1436 824 claffis
1478 776 1608 828 bona

289 861 404 893 cum
440 861 560 911 pace
603 858 799 909 accepta
843 842 910 892 est
934 881 948 904 ‚
983 861 1073 892 nec
1114 859 1414 893 commeatus
1454 846 1610 895 modb

289 912 500 979 benigne
538 912 723 978 praebiti
749 950 762 969 ,
809 909 892 959 sed
933 912 980 959 in
1022 911 1412 978 supplementum
1456 911 1611 963 claffis

290 978 521 1046 iuventus
563 996 789 1047 armaque
839 980 947 1028 data
980 998 991 1028 :
1043 997 1251 1046 quorum
1287 979 1464 1030 fiducia
1499 981 1612 1031 Poe·-

145 1051 384 1110 'Tranfnus
441 1050 490 1097 in
545 1047 765 1097 Baleares
813 1046 983 1095 insulas
1047 1049 1444 1117 (quinquaginta
1492 1049 1612 1101 inde

80 1120 208 1159 mittit
236 1123 277 1159 in
297 1116 441 1165 millia
482 1115 684 1183 absunt)
721 1114 987 1165 transmisit.
1031 1113 1158 1164 Duae
1202 1115 1309 1166 sunt
1349 1116 1611 1181 Baleares,

81 1181 276 1251 ssalearcs
294 1183 451 1252 major
488 1185 638 1234 altera
680 1199 824 1250 atque
864 1183 1144 1250 opulentior
1183 1187 1327 1233 armis
1370 1185 1609 1254 virisque>3

77 1243 246 1300 'nfi‘l‘ff-
294 1255 347 1304 &
381 1269 576 1320 portum
616 1254 795 1310 habet,
828 1253 910 1300 ubi
949 1252 1212 1301 commode
1248 1253 1609 1303 hibernaturum

290 1321 338 1370 se
376 1323 465 1389 (ὃς
491 1320 588 1388 jam
621 1338 891 1370 extremum
924 1322 1136 1369 autumni
1175 1321 1315 1387 erat)
1348 1323 1607 1373 credebat:

289 1384 506 1440 ceterum
544 1390 669 1438 haud
712 1389 843 1438 secus
882 1388 1023 1454 quam
1071 1386 1105 1436 fi
1143 1387 1352 1438 Romani
1388 1406 1492 1438 eam
1529 1392 1610 1439 in-

289 1458 442 1508 sulam
472 1460 770 1516 incolerent,
799 1456 1033 1506 hostiliter
1065 1455 1191 1505 claffi
1226 1456 1476 1507 occursum
1507 1458 1606 1510 est:

287 1526 468 1577 Fundis
509 1542 561 1576 ut
604 1545 730 1576 nunc
777 1526 1073 1592 plurimum,
1121 1526 1184 1573 ita
1234 1539 1346 1576 tunc
1393 1526 1497 1576 solo
1543 1544 1608 1578 eo

287 1596 390 1645 telo
437 1596 731 1653 utebantur3
770 1612 860 1643 nec
912 1593 1159 1660 quisquam
1212 1594 1403 1647 alterius
1453 1596 1610 1663 gentis

289 1681 411 1713 unus
449 1665 632 1723 tantum
675 1665 731 1713 ea
765 1678 894 1723 arte,
928 1663 1160 1729 quantum
1193 1662 1298 1729 (3)
1335 1666 1457 1715 inter
1489 1665 1642 1714 alios*

289 1749 462 1782 omnes
496 1733 717 1783 Baleares
752 1731 993 1781 excellunt
1026 1748 1037 1779 ι
1075 1731 1234 1796 itaque
1267 1745 1397 1783 tanta
1428 1733 1505 1781 vis
1539 1733 1609 1781 la-

287 1801 458 1868 pidum
491 1801 796 1849 creberrimae
843 1798 1084 1867 grandinis
1116 1799 1270 1851 modo
1317 1803 1365 1851 in
1408 1803 1612 1870 propin-

288 1884 519 1936 quantem
555 1868 653 1936 jam
688 1885 827 1918 terrae
862 1866 1048 1917 classem
1091 1865 1236 1915 effusa
1280 1869 1384 1930 est,
1434 1884 1485 1919 ut
1531 1871 1627 1918 in-‘

285 1951 410 1987 trare
449 1953 643 2004 portum
674 1955 772 1987 non
800 1935 926 1996 ausi,
961 1949 1238 1984 averterent
1273 1938 1319 1986 in
1350 1939 1498 1987 altum
1526 1955 1609 1986 na-

110 2028 269 2073 Minore
286 2023 392 2055 ves,
438 2006 490 2054 ln
527 2008 766 2055 minorem
811 2005 923 2053 inde
959 2003 1228 2054 Balearium
1269 2005 1469 2055 insulam
1505 2020 1605 2055 tra-

67 2095 235 2148 pomur,
286 2073 551 2141 jecerunt,
603 2074 812 2123 fertilem
868 2090 1020 2140 agro3
1074 2073 1228 2127 viris,
1275 2077 1415 2125 armis
1477 2073 1607 2124 haud

285 2143 424 2210 aeque
459 2143 685 2192 validam.
738 2142 907 2207 Itaque
961 2138 1128 2208 egreffi
1179 2145 1419 2205 navibus,
1467 2141 1607 2209 supra

354 2259 370 2287 1
403 2244 703 2301 Purgantibns]
728 2244 791 2285 Ad
811 2260 913 2300 pur·
976 2247 1043 2287 nia
1071 2244 1297 2302 Tyriorum
1329 2244 1398 2286 est.
1431 2243 1608 2300 Suffites

287 2308 462 2365 gaudum
481 2308 520 2347 se
539 2307 788 2347 dicentibus.
978 2309 1118 2364 lingua
1140 2308 1290 2349 Punica
1309 2307 1574 2362 suntjua'ices.

352 2383 376 2409 2
392 2367 499 2421 §affl
508 2380 562 2409 tes
575 2384 700 2407 eornm
716 2400 725 2417 ‚
741 2368 916 2422 quisnm-
1000 2418 1007 2424 Α
1042 2384 1060 2424 3
1088 2370 1193 2410 Inter
1206 2371 1342 2424 alios]
1366 2370 1605 2426 Legendum

285 2446 373 2471 mus
398 2430 533 2470 Poem's
556 2430 607 2481 est
628 2431 909 2486 magistratus]
976 2433 1142 2473 videtur
1173 2435 1272 2471 inter
1300 2433 1411 2472 alias
1451 2432 1604 2486 (supp.

280 2493 448 2547 Nempe
485 2493 526 2533 ὅ(
567 2491 757 2533 (Ξειόἰτ-ε.ηἰ
802 2491 914 2532 Poem·
974 2495 1141 2551 gentes)
1171 2509 1301 2536 omnes
1318 2494 1509 2536 Baleares
1526 2508 1601 2535 ex-

281 2565 406 2594 erant
431 2587 442 2605 ,
469 2556 506 2594 id
532 2555 586 2595 est
607 2586 617 2605 ‚
647 2569 668 2594 e
704 2555 913 2594 Phoenicia
979 2556 1143 2600 cellum.

276 2617 468 2661 oriundi.
493 2616 635 2661 Gades
665 2617 772 2658 enim
801 2619 915 2659 colo-
