<?xml version="1.0" encoding="UTF-8"?>
<!DOCTYPE html PUBLIC "-//W3C//DTD XHTML 1.0 Transitional//EN"
    "http://www.w3.org/TR/xhtml1/DTD/xhtml1-transitional.dtd">
<html xmlns="http://www.w3.org/1999/xhtml" xml:lang="en" lang="en">
 <head>
  <title>
</title>
<meta http-equiv="Content-Type" content="text/html;charset=utf-8" />
  <meta name='ocr-system' content='tesseract 3.04.00' />
  <meta name='ocr-capabilities' content='ocr_page ocr_carea ocr_par ocr_line ocrx_word'/>
</head>
<body>
  <div class='ocr_page' id='page_1' title='image "./tliviipatavinihi0202livy_0364.png"; bbox 0 0 1649 3104; ppageno 0'>
   <div class='ocr_carea' id='block_1_1' title="bbox 1622 0 1649 2100">
    <p class='ocr_par' dir='ltr' id='par_1_1' title="bbox 1622 0 1649 2100">
     <span class='ocr_line' id='line_1_1' title="bbox 1622 0 1649 2100; baseline 0 -1722"><span class='ocrx_word' id='word_1_1' title='bbox 1622 0 1649 2100; x_wconf 95' lang='lat' dir='ltr'>       </span> 
     </span>
    </p>
   </div>
   <div class='ocr_carea' id='block_1_2' title="bbox 326 111 1225 191">
    <p class='ocr_par' dir='ltr' id='par_1_2' title="bbox 326 111 1225 191">
     <span class='ocr_line' id='line_1_2' title="bbox 326 111 1225 191; baseline -0.003 -19"><span class='ocrx_word' id='word_1_2' title='bbox 326 111 438 191; x_wconf 78' lang='lat'>358</span> <span class='ocrx_word' id='word_1_3' title='bbox 739 112 1225 171; x_wconf 79' lang='lat' dir='ltr'>T.L1v11</span> 
     </span>
    </p>
   </div>
   <div class='ocr_carea' id='block_1_3' title="bbox 110 208 1649 2122">
    <p class='ocr_par' dir='ltr' id='par_1_3' title="bbox 110 208 1649 2122">
     <span class='ocr_line' id='line_1_3' title="bbox 111 208 1623 277; baseline 0.004 -20"><span class='ocrx_word' id='word_1_4' title='bbox 111 213 450 265; x_wconf 70' lang='lat' dir='ltr'>U.c.549.inter</span> <span class='ocrx_word' id='word_1_5' title='bbox 500 208 546 259; x_wconf 81' lang='lat' dir='ltr'>se</span> <span class='ocrx_word' id='word_1_6' title='bbox 597 211 795 261; x_wconf 89' lang='lat' dir='ltr'>vinculo</span> <span class='ocrx_word' id='word_1_7' title='bbox 835 211 1058 277; x_wconf 74' lang='lat' dir='ltr'>illigatis,</span> <span class='ocrx_word' id='word_1_8' title='bbox 1095 210 1439 275; x_wconf 81' lang='lat' dir='ltr'>comprendit3</span> <span class='ocrx_word' id='word_1_9' title='bbox 1479 210 1623 263; x_wconf 84' lang='lat' dir='ltr'>tabu-</span> 
     </span>
     <span class='ocr_line' id='line_1_4' title="bbox 110 271 1570 347; baseline 0 -18"><span class='ocrx_word' id='word_1_10' title='bbox 110 271 302 323; x_wconf 60' lang='lat' dir='ltr'>³·C·2&#39;*&#39;3·</span> <span class='ocrx_word' id='word_1_11' title='bbox 325 278 485 346; x_wconf 84' lang='lat' dir='ltr'>lasque</span> <span class='ocrx_word' id='word_1_12' title='bbox 523 277 909 347; x_wconf 84' lang='lat' dir='ltr'>superinstravit,</span> <span class='ocrx_word' id='word_1_13' title='bbox 945 276 1023 345; x_wconf 87' lang='lat'>(4)</span> <span class='ocrx_word' id='word_1_14' title='bbox 1057 292 1108 325; x_wconf 90' lang='lat' dir='ltr'>ut</span> <span class='ocrx_word' id='word_1_15' title='bbox 1131 280 1351 344; x_wconf 89' lang='lat' dir='ltr'>pervium</span> <span class='ocrx_word' id='word_1_16' title='bbox 1384 281 1434 328; x_wconf 86' lang='lat' dir='ltr'>in</span> <span class='ocrx_word' id='word_1_17' title='bbox 1463 295 1570 329; x_wconf 90' lang='lat' dir='ltr'>totu</span> 
     </span>
     <span class='ocr_line' id='line_1_5' title="bbox 324 344 1622 413; baseline 0.001 -17"><span class='ocrx_word' id='word_1_18' title='bbox 324 351 549 396; x_wconf 83' lang='lat' dir='ltr'>ordinem</span> <span class='ocrx_word' id='word_1_19' title='bbox 597 345 755 398; x_wconf 74' lang='lat' dir='ltr'>esset:</span> <span class='ocrx_word' id='word_1_20' title='bbox 802 348 855 397; x_wconf 88' lang='lat'>&amp;</span> <span class='ocrx_word' id='word_1_21' title='bbox 902 345 985 394; x_wconf 86' lang='lat' dir='ltr'>sub</span> <span class='ocrx_word' id='word_1_22' title='bbox 1034 344 1145 412; x_wconf 84' lang='lat' dir='ltr'>ipfis</span> <span class='ocrx_word' id='word_1_23' title='bbox 1197 347 1426 413; x_wconf 88' lang='lat' dir='ltr'>pontibus</span> <span class='ocrx_word' id='word_1_24' title='bbox 1474 349 1622 397; x_wconf 88' lang='lat' dir='ltr'>inter·</span> 
     </span>
     <span class='ocr_line' id='line_1_6' title="bbox 323 413 1623 483; baseline 0.001 -19"><span class='ocrx_word' id='word_1_25' title='bbox 323 416 448 464; x_wconf 84' lang='lat' dir='ltr'>valla</span> <span class='ocrx_word' id='word_1_26' title='bbox 491 415 641 476; x_wconf 79' lang='lat' dir='ltr'>fecit,</span> <span class='ocrx_word' id='word_1_27' title='bbox 693 415 786 483; x_wconf 68' lang='lat' dir='ltr'>qua</span> <span class='ocrx_word' id='word_1_28' title='bbox 839 430 1123 479; x_wconf 87' lang='lat' dir='ltr'>procurrere</span> <span class='ocrx_word' id='word_1_29' title='bbox 1167 413 1496 480; x_wconf 83' lang='lat' dir='ltr'>speculatoriae</span> <span class='ocrx_word' id='word_1_30' title='bbox 1540 432 1623 466; x_wconf 82' lang='lat' dir='ltr'>na-</span> 
     </span>
     <span class='ocr_line' id='line_1_7' title="bbox 323 481 1627 549; baseline 0.001 -17"><span class='ocrx_word' id='word_1_31' title='bbox 323 502 411 533; x_wconf 88' lang='lat' dir='ltr'>ves</span> <span class='ocrx_word' id='word_1_32' title='bbox 438 486 486 532; x_wconf 88' lang='lat' dir='ltr'>in</span> <span class='ocrx_word' id='word_1_33' title='bbox 523 482 709 533; x_wconf 87' lang='lat' dir='ltr'>hostem</span> <span class='ocrx_word' id='word_1_34' title='bbox 731 520 745 541; x_wconf 91' lang='lat'><strong>‚</strong></span> <span class='ocrx_word' id='word_1_35' title='bbox 778 499 832 531; x_wconf 84' lang='lat' dir='ltr'>ac</span> <span class='ocrx_word' id='word_1_36' title='bbox 869 482 975 531; x_wconf 74' lang='lat' dir='ltr'>tuto</span> <span class='ocrx_word' id='word_1_37' title='bbox 1008 482 1156 549; x_wconf 85' lang='lat' dir='ltr'>recipi</span> <span class='ocrx_word' id='word_1_38' title='bbox 1186 481 1389 549; x_wconf 88' lang='lat' dir='ltr'>possent.</span> <span class='ocrx_word' id='word_1_39' title='bbox 1420 483 1512 533; x_wconf 88' lang='lat' dir='ltr'>His</span> <span class='ocrx_word' id='word_1_40' title='bbox 1550 502 1627 533; x_wconf 84' lang='lat' dir='ltr'>ra·-</span> 
     </span>
     <span class='ocr_line' id='line_1_8' title="bbox 324 548 1626 619; baseline 0.002 -19"><span class='ocrx_word' id='word_1_41' title='bbox 324 555 446 618; x_wconf 87' lang='lat' dir='ltr'>ptim</span> <span class='ocrx_word' id='word_1_42' title='bbox 485 570 577 619; x_wconf 92' lang='lat' dir='ltr'>pro</span> <span class='ocrx_word' id='word_1_43' title='bbox 612 566 836 617; x_wconf 85' lang='lat' dir='ltr'>tempore</span> <span class='ocrx_word' id='word_1_44' title='bbox 871 548 1102 599; x_wconf 62' lang='lat' dir='ltr'>instruElis</span> <span class='ocrx_word' id='word_1_45' title='bbox 1124 588 1138 610; x_wconf 82' lang='lat'>‚</span> <span class='ocrx_word' id='word_1_46' title='bbox 1180 552 1309 600; x_wconf 86' lang='lat' dir='ltr'>mille</span> <span class='ocrx_word' id='word_1_47' title='bbox 1347 552 1501 601; x_wconf 86' lang='lat' dir='ltr'>ferme</span> <span class='ocrx_word' id='word_1_48' title='bbox 1537 553 1626 602; x_wconf 83' lang='lat' dir='ltr'>de-</span> 
     </span>
     <span class='ocr_line' id='line_1_9' title="bbox 324 619 1623 687; baseline 0.001 -18"><span class='ocrx_word' id='word_1_49' title='bbox 324 620 433 669; x_wconf 67' lang='lat' dir='ltr'>leffl</span> <span class='ocrx_word' id='word_1_50' title='bbox 465 635 848 687; x_wconf 81' lang='lat' dir='ltr'>propugnatores</span> <span class='ocrx_word' id='word_1_51' title='bbox 884 619 1117 667; x_wconf 89' lang='lat' dir='ltr'>onerariis</span> <span class='ocrx_word' id='word_1_52' title='bbox 1146 621 1460 686; x_wconf 86' lang='lat' dir='ltr'>imponuntur</span> <span class='ocrx_word' id='word_1_53' title='bbox 1492 638 1503 668; x_wconf 91' lang='lat'>:</span> <span class='ocrx_word' id='word_1_54' title='bbox 1552 635 1623 671; x_wconf 86' lang='lat' dir='ltr'>te-</span> 
     </span>
     <span class='ocr_line' id='line_1_10' title="bbox 325 684 1623 756; baseline 0.001 -19"><span class='ocrx_word' id='word_1_55' title='bbox 325 689 483 738; x_wconf 86' lang='lat' dir='ltr'>lorum</span> <span class='ocrx_word' id='word_1_56' title='bbox 523 687 729 736; x_wconf 74' lang='lat' dir='ltr'>maxime</span> <span class='ocrx_word' id='word_1_57' title='bbox 765 684 1002 735; x_wconf 82' lang='lat' dir='ltr'>miffilium</span> <span class='ocrx_word' id='word_1_58' title='bbox 1027 725 1041 747; x_wconf 82' lang='grc'><strong>,</strong></span> <span class='ocrx_word' id='word_1_59' title='bbox 1079 701 1167 747; x_wconf 88' lang='lat' dir='ltr'>ut,</span> <span class='ocrx_word' id='word_1_60' title='bbox 1205 690 1427 754; x_wconf 86' lang='lat' dir='ltr'>quamvis</span> <span class='ocrx_word' id='word_1_61' title='bbox 1474 689 1623 756; x_wconf 80' lang='lat' dir='ltr'>longo</span> 
     </span>
     <span class='ocr_line' id='line_1_11' title="bbox 320 753 1619 824; baseline 0.003 -19"><span class='ocrx_word' id='word_1_62' title='bbox 320 758 583 806; x_wconf 82' lang='lat' dir='ltr'>certamine</span> <span class='ocrx_word' id='word_1_63' title='bbox 606 793 621 817; x_wconf 89' lang='lat'><strong>‚</strong></span> <span class='ocrx_word' id='word_1_64' title='bbox 662 753 966 813; x_wconf 83' lang='lat' dir='ltr'>sufficerent,</span> <span class='ocrx_word' id='word_1_65' title='bbox 1005 756 1078 805; x_wconf 88' lang='lat' dir='ltr'>vis</span> <span class='ocrx_word' id='word_1_66' title='bbox 1127 755 1294 822; x_wconf 85' lang='lat' dir='ltr'>ingens</span> <span class='ocrx_word' id='word_1_67' title='bbox 1330 759 1619 824; x_wconf 60' lang='lat' dir='ltr'>congeritur·</span> 
     </span>
     <span class='ocr_line' id='line_1_12' title="bbox 319 821 1622 892; baseline 0 -18"><span class='ocrx_word' id='word_1_68' title='bbox 319 824 393 874; x_wconf 87' lang='lat' dir='ltr'>Ita</span> <span class='ocrx_word' id='word_1_69' title='bbox 429 826 578 892; x_wconf 88' lang='lat' dir='ltr'>parati</span> <span class='ocrx_word' id='word_1_70' title='bbox 612 838 754 891; x_wconf 83' lang='lat' dir='ltr'>atque</span> <span class='ocrx_word' id='word_1_71' title='bbox 789 825 959 873; x_wconf 85' lang='lat' dir='ltr'>intenti</span> <span class='ocrx_word' id='word_1_72' title='bbox 994 821 1203 872; x_wconf 81' lang='lat' dir='ltr'>hostium</span> <span class='ocrx_word' id='word_1_73' title='bbox 1231 825 1500 874; x_wconf 81' lang='lat' dir='ltr'>adventum</span> <span class='ocrx_word' id='word_1_74' title='bbox 1529 842 1622 891; x_wconf 81' lang='lat' dir='ltr'>op.-</span> 
     </span>
     <span class='ocr_line' id='line_1_13' title="bbox 319 890 1621 960; baseline 0.001 -19"><span class='ocrx_word' id='word_1_75' title='bbox 319 895 643 960; x_wconf 81' lang='lat' dir='ltr'>periebantur.</span> <span class='ocrx_word' id='word_1_76' title='bbox 680 890 1131 959; x_wconf 82' lang='lat' dir='ltr'>Carthaginienses,</span> <span class='ocrx_word' id='word_1_77' title='bbox 1166 894 1279 958; x_wconf 88' lang='lat' dir='ltr'>qui,</span> <span class='ocrx_word' id='word_1_78' title='bbox 1315 892 1350 941; x_wconf 80' lang='lat' dir='ltr'>st</span> <span class='ocrx_word' id='word_1_79' title='bbox 1383 892 1621 942; x_wconf 86' lang='lat' dir='ltr'>maturas-</span> 
     </span>
     <span class='ocr_line' id='line_1_14' title="bbox 319 959 1622 1028; baseline 0 -18"><span class='ocrx_word' id='word_1_80' title='bbox 319 961 452 1019; x_wconf 86' lang='lat' dir='ltr'>sent,</span> <span class='ocrx_word' id='word_1_81' title='bbox 489 961 654 1010; x_wconf 86' lang='lat' dir='ltr'>omnia</span> <span class='ocrx_word' id='word_1_82' title='bbox 704 962 935 1027; x_wconf 83' lang='lat' dir='ltr'>permixta</span> <span class='ocrx_word' id='word_1_83' title='bbox 977 959 1117 1008; x_wconf 66' lang='lat' dir='ltr'>turba</span> <span class='ocrx_word' id='word_1_84' title='bbox 1148 961 1491 1026; x_wconf 84' lang='lat' dir='ltr'>trepidantium</span> <span class='ocrx_word' id='word_1_85' title='bbox 1525 962 1622 1028; x_wconf 90' lang='lat' dir='ltr'>pri·</span> 
     </span>
     <span class='ocr_line' id='line_1_15' title="bbox 320 1027 1627 1096; baseline 0.001 -18"><span class='ocrx_word' id='word_1_86' title='bbox 320 1045 405 1079; x_wconf 87' lang='lat' dir='ltr'>mo</span> <span class='ocrx_word' id='word_1_87' title='bbox 453 1032 637 1096; x_wconf 85' lang='lat' dir='ltr'>impetu</span> <span class='ocrx_word' id='word_1_88' title='bbox 674 1027 1034 1095; x_wconf 65' lang='lat' dir='ltr'>oppressissent,</span> <span class='ocrx_word' id='word_1_89' title='bbox 1067 1027 1272 1093; x_wconf 78' lang='lat' dir='ltr'>perculsi</span> <span class='ocrx_word' id='word_1_90' title='bbox 1317 1028 1627 1079; x_wconf 70' lang='lat' dir='ltr'>terrestribus</span> 
     </span>
     <span class='ocr_line' id='line_1_16' title="bbox 325 1097 1623 1164; baseline 0.001 -18"><span class='ocrx_word' id='word_1_91' title='bbox 325 1097 541 1147; x_wconf 80' lang='lat' dir='ltr'>cladibus</span> <span class='ocrx_word' id='word_1_92' title='bbox 563 1134 578 1158; x_wconf 85' lang='lat'>‚</span> <span class='ocrx_word' id='word_1_93' title='bbox 614 1111 760 1164; x_wconf 88' lang='lat' dir='ltr'>atque</span> <span class='ocrx_word' id='word_1_94' title='bbox 796 1097 910 1145; x_wconf 88' lang='lat' dir='ltr'>inde</span> <span class='ocrx_word' id='word_1_95' title='bbox 950 1113 1008 1145; x_wconf 90' lang='lat' dir='ltr'>ne</span> <span class='ocrx_word' id='word_1_96' title='bbox 1039 1097 1086 1157; x_wconf 86' lang='lat' dir='ltr'>in</span> <span class='ocrx_word' id='word_1_97' title='bbox 1117 1098 1234 1145; x_wconf 85' lang='lat' dir='ltr'>mari</span> <span class='ocrx_word' id='word_1_98' title='bbox 1272 1098 1467 1163; x_wconf 87' lang='lat' dir='ltr'>quidem</span> <span class='ocrx_word' id='word_1_99' title='bbox 1491 1133 1506 1157; x_wconf 91' lang='lat'><strong>‚</strong></span> <span class='ocrx_word' id='word_1_100' title='bbox 1538 1097 1623 1147; x_wconf 86' lang='lat' dir='ltr'>ubi</span> 
     </span>
     <span class='ocr_line' id='line_1_17' title="bbox 321 1162 1629 1234; baseline 0 -20"><span class='ocrx_word' id='word_1_101' title='bbox 321 1164 409 1232; x_wconf 79' lang='lat' dir='ltr'>ipsi</span> <span class='ocrx_word' id='word_1_102' title='bbox 439 1167 546 1233; x_wconf 83' lang='lat' dir='ltr'>plus</span> <span class='ocrx_word' id='word_1_103' title='bbox 573 1179 824 1232; x_wconf 78' lang='lat' dir='ltr'>poterant,</span> <span class='ocrx_word' id='word_1_104' title='bbox 859 1164 964 1213; x_wconf 85' lang='lat' dir='ltr'>satis</span> <span class='ocrx_word' id='word_1_105' title='bbox 995 1162 1200 1213; x_wconf 85' lang='lat' dir='ltr'>fidentes</span> <span class='ocrx_word' id='word_1_106' title='bbox 1221 1202 1235 1226; x_wconf 84' lang='lat'>,</span> <span class='ocrx_word' id='word_1_107' title='bbox 1269 1166 1346 1216; x_wconf 91' lang='lat' dir='ltr'>die</span> <span class='ocrx_word' id='word_1_108' title='bbox 1382 1165 1512 1234; x_wconf 86' lang='lat' dir='ltr'>segni</span> <span class='ocrx_word' id='word_1_109' title='bbox 1538 1183 1629 1214; x_wconf 80' lang='lat' dir='ltr'>na-</span> 
     </span>
     <span class='ocr_line' id='line_1_18' title="bbox 315 1232 1619 1301; baseline -0.001 -18"><span class='ocrx_word' id='word_1_110' title='bbox 315 1236 566 1300; x_wconf 76' lang='lat' dir='ltr'>vigatione</span> <span class='ocrx_word' id='word_1_111' title='bbox 600 1233 851 1300; x_wconf 78' lang='lat' dir='ltr'>absumpto</span> <span class='ocrx_word' id='word_1_112' title='bbox 875 1270 889 1292; x_wconf 90' lang='lat'>‚</span> <span class='ocrx_word' id='word_1_113' title='bbox 920 1232 1003 1281; x_wconf 77' lang='lat' dir='ltr'>sub</span> <span class='ocrx_word' id='word_1_114' title='bbox 1033 1232 1254 1282; x_wconf 81' lang='lat' dir='ltr'>occasum</span> <span class='ocrx_word' id='word_1_115' title='bbox 1288 1233 1396 1283; x_wconf 81' lang='lat' dir='ltr'>solis</span> <span class='ocrx_word' id='word_1_116' title='bbox 1429 1236 1476 1282; x_wconf 90' lang='lat' dir='ltr'>in</span> <span class='ocrx_word' id='word_1_117' title='bbox 1502 1251 1619 1301; x_wconf 88' lang='lat' dir='ltr'>por-</span> 
     </span>
     <span class='ocr_line' id='line_1_19' title="bbox 317 1299 1617 1370; baseline 0 -20"><span class='ocrx_word' id='word_1_118' title='bbox 317 1316 420 1350; x_wconf 87' lang='lat' dir='ltr'>tum</span> <span class='ocrx_word' id='word_1_119' title='bbox 455 1301 530 1370; x_wconf 86' lang='lat'>(5)</span> <span class='ocrx_word' id='word_1_120' title='bbox 568 1301 879 1367; x_wconf 78' lang='lat' dir='ltr'>(Ruscinona</span> <span class='ocrx_word' id='word_1_121' title='bbox 918 1301 1025 1350; x_wconf 80' lang='lat' dir='ltr'>Afri</span> <span class='ocrx_word' id='word_1_122' title='bbox 1059 1299 1272 1368; x_wconf 79' lang='lat' dir='ltr'>vocant)</span> <span class='ocrx_word' id='word_1_123' title='bbox 1303 1301 1489 1352; x_wconf 75' lang='lat' dir='ltr'>classem</span> <span class='ocrx_word' id='word_1_124' title='bbox 1526 1320 1617 1369; x_wconf 88' lang='lat' dir='ltr'>ap-</span> 
     </span>
     <span class='ocr_line' id='line_1_20' title="bbox 313 1368 1618 1438; baseline 0.002 -19"><span class='ocrx_word' id='word_1_125' title='bbox 313 1372 481 1438; x_wconf 86' lang='lat' dir='ltr'>pulere</span> <span class='ocrx_word' id='word_1_126' title='bbox 515 1389 524 1419; x_wconf 90' lang='lat'><strong>:</strong></span> <span class='ocrx_word' id='word_1_127' title='bbox 562 1368 756 1436; x_wconf 81' lang='lat' dir='ltr'>postero</span> <span class='ocrx_word' id='word_1_128' title='bbox 791 1371 867 1418; x_wconf 83' lang='lat' dir='ltr'>die</span> <span class='ocrx_word' id='word_1_129' title='bbox 899 1369 979 1417; x_wconf 79' lang='lat' dir='ltr'>sub</span> <span class='ocrx_word' id='word_1_130' title='bbox 1017 1385 1177 1418; x_wconf 87' lang='lat' dir='ltr'>ortum</span> <span class='ocrx_word' id='word_1_131' title='bbox 1214 1369 1324 1419; x_wconf 86' lang='lat' dir='ltr'>solis</span> <span class='ocrx_word' id='word_1_132' title='bbox 1356 1370 1618 1421; x_wconf 81' lang='lat' dir='ltr'>instruxere</span> 
     </span>
     <span class='ocr_line' id='line_1_21' title="bbox 312 1436 1617 1505; baseline 0 -17"><span class='ocrx_word' id='word_1_133' title='bbox 312 1439 373 1488; x_wconf 82' lang='lat' dir='ltr'>ab</span> <span class='ocrx_word' id='word_1_134' title='bbox 411 1439 506 1488; x_wconf 88' lang='lat' dir='ltr'>alto</span> <span class='ocrx_word' id='word_1_135' title='bbox 543 1457 690 1488; x_wconf 82' lang='lat' dir='ltr'>naves</span> <span class='ocrx_word' id='word_1_136' title='bbox 709 1475 722 1498; x_wconf 76' lang='lat'><strong>‚</strong></span> <span class='ocrx_word' id='word_1_137' title='bbox 751 1439 900 1488; x_wconf 82' lang='lat' dir='ltr'>veluti</span> <span class='ocrx_word' id='word_1_138' title='bbox 927 1439 984 1486; x_wconf 82' lang='lat' dir='ltr'>ad</span> <span class='ocrx_word' id='word_1_139' title='bbox 1015 1436 1189 1503; x_wconf 74' lang='lat' dir='ltr'>justum</span> <span class='ocrx_word' id='word_1_140' title='bbox 1216 1439 1443 1505; x_wconf 81' lang='lat' dir='ltr'>proelium</span> <span class='ocrx_word' id='word_1_141' title='bbox 1471 1455 1617 1488; x_wconf 86' lang='lat' dir='ltr'>nava-</span> 
     </span>
     <span class='ocr_line' id='line_1_22' title="bbox 315 1505 1619 1574; baseline -0.002 -17"><span class='ocrx_word' id='word_1_142' title='bbox 315 1507 396 1569; x_wconf 83' lang='lat' dir='ltr'>le,</span> <span class='ocrx_word' id='word_1_143' title='bbox 422 1509 473 1558; x_wconf 82' lang='lat'>&amp;</span> <span class='ocrx_word' id='word_1_144' title='bbox 493 1522 720 1574; x_wconf 84' lang='lat' dir='ltr'>tanquam</span> <span class='ocrx_word' id='word_1_145' title='bbox 747 1508 941 1555; x_wconf 79' lang='lat' dir='ltr'>exituris</span> <span class='ocrx_word' id='word_1_146' title='bbox 974 1506 1139 1556; x_wconf 69' lang='lat' dir='ltr'>contra</span> <span class='ocrx_word' id='word_1_147' title='bbox 1166 1505 1417 1557; x_wconf 83' lang='lat' dir='ltr'>Romanis.</span> <span class='ocrx_word' id='word_1_148' title='bbox 1445 1505 1619 1573; x_wconf 83' lang='lat' dir='ltr'>Quum</span> 
     </span>
     <span class='ocr_line' id='line_1_23' title="bbox 316 1574 1618 1643; baseline 0 -19"><span class='ocrx_word' id='word_1_149' title='bbox 316 1576 402 1625; x_wconf 83' lang='lat' dir='ltr'>diu</span> <span class='ocrx_word' id='word_1_150' title='bbox 434 1574 692 1636; x_wconf 69' lang='lat' dir='ltr'>stetissent,</span> <span class='ocrx_word' id='word_1_151' title='bbox 732 1574 988 1643; x_wconf 81' lang='lat' dir='ltr'>postquam</span> <span class='ocrx_word' id='word_1_152' title='bbox 1037 1575 1154 1623; x_wconf 83' lang='lat' dir='ltr'>nihil</span> <span class='ocrx_word' id='word_1_153' title='bbox 1191 1577 1382 1624; x_wconf 88' lang='lat' dir='ltr'>moveri</span> <span class='ocrx_word' id='word_1_154' title='bbox 1425 1577 1485 1624; x_wconf 88' lang='lat' dir='ltr'>ab</span> <span class='ocrx_word' id='word_1_155' title='bbox 1525 1575 1618 1624; x_wconf 91' lang='lat' dir='ltr'>ho-</span> 
     </span>
     <span class='ocr_line' id='line_1_24' title="bbox 315 1642 1615 1710; baseline -0.002 -16"><span class='ocrx_word' id='word_1_156' title='bbox 315 1642 463 1694; x_wconf 85' lang='lat' dir='ltr'>stibus</span> <span class='ocrx_word' id='word_1_157' title='bbox 496 1644 758 1704; x_wconf 85' lang='lat' dir='ltr'>viderunt,</span> <span class='ocrx_word' id='word_1_158' title='bbox 793 1659 894 1693; x_wconf 88' lang='lat' dir='ltr'>tum</span> <span class='ocrx_word' id='word_1_159' title='bbox 934 1644 1129 1692; x_wconf 86' lang='lat' dir='ltr'>demum</span> <span class='ocrx_word' id='word_1_160' title='bbox 1165 1645 1408 1692; x_wconf 87' lang='lat' dir='ltr'>onerarias</span> <span class='ocrx_word' id='word_1_161' title='bbox 1441 1659 1615 1710; x_wconf 85' lang='lat' dir='ltr'>aggre-</span> 
     </span>
     <span class='ocr_line' id='line_1_25' title="bbox 314 1711 1619 1764; baseline -0.001 -3"><span class='ocrx_word' id='word_1_162' title='bbox 314 1713 528 1764; x_wconf 85' lang='lat' dir='ltr'>diuntur.</span> <span class='ocrx_word' id='word_1_163' title='bbox 561 1712 673 1762; x_wconf 86' lang='lat' dir='ltr'>Erat</span> <span class='ocrx_word' id='word_1_164' title='bbox 706 1730 780 1762; x_wconf 82' lang='lat' dir='ltr'>res</span> <span class='ocrx_word' id='word_1_165' title='bbox 807 1713 1002 1761; x_wconf 79' lang='lat' dir='ltr'>minime</span> <span class='ocrx_word' id='word_1_166' title='bbox 1035 1713 1281 1760; x_wconf 86' lang='lat' dir='ltr'>certamini</span> <span class='ocrx_word' id='word_1_167' title='bbox 1306 1713 1463 1761; x_wconf 90' lang='lat' dir='ltr'>navali</span> <span class='ocrx_word' id='word_1_168' title='bbox 1493 1711 1619 1760; x_wconf 81' lang='lat' dir='ltr'>simi-</span> 
     </span>
     <span class='ocr_line' id='line_1_26' title="bbox 308 1780 1614 1849; baseline -0.001 -19"><span class='ocrx_word' id='word_1_169' title='bbox 308 1780 402 1842; x_wconf 84' lang='lat' dir='ltr'>lis,</span> <span class='ocrx_word' id='word_1_170' title='bbox 434 1781 514 1849; x_wconf 82' lang='lat'>(6)</span> <span class='ocrx_word' id='word_1_171' title='bbox 543 1782 764 1849; x_wconf 75' lang='lat' dir='ltr'>proxime</span> <span class='ocrx_word' id='word_1_172' title='bbox 795 1780 1002 1847; x_wconf 86' lang='lat' dir='ltr'>speciem</span> <span class='ocrx_word' id='word_1_173' title='bbox 1035 1796 1200 1829; x_wconf 86' lang='lat' dir='ltr'>muros</span> <span class='ocrx_word' id='word_1_174' title='bbox 1226 1781 1614 1847; x_wconf 83' lang='lat' dir='ltr'>oppugnantium</span> 
     </span>
     <span class='ocr_line' id='line_1_27' title="bbox 306 1848 1616 1915; baseline -0.002 -16"><span class='ocrx_word' id='word_1_175' title='bbox 306 1851 549 1899; x_wconf 82' lang='lat' dir='ltr'>navium:</span> <span class='ocrx_word' id='word_1_176' title='bbox 584 1850 831 1899; x_wconf 87' lang='lat' dir='ltr'>altitudine</span> <span class='ocrx_word' id='word_1_177' title='bbox 869 1849 1164 1915; x_wconf 72' lang='lat' dir='ltr'>aliquantum</span> <span class='ocrx_word' id='word_1_178' title='bbox 1206 1853 1436 1898; x_wconf 80' lang='lat' dir='ltr'>onerariae</span> <span class='ocrx_word' id='word_1_179' title='bbox 1476 1848 1616 1914; x_wconf 82' lang='lat' dir='ltr'>supe-</span> 
     </span>
     <span class='ocr_line' id='line_1_28' title="bbox 308 1916 1616 1983; baseline -0.002 -16"><span class='ocrx_word' id='word_1_180' title='bbox 308 1918 512 1967; x_wconf 81' lang='lat' dir='ltr'>rabant:</span> <span class='ocrx_word' id='word_1_181' title='bbox 546 1935 605 1967; x_wconf 85' lang='lat' dir='ltr'>ex</span> <span class='ocrx_word' id='word_1_182' title='bbox 638 1917 849 1967; x_wconf 86' lang='lat' dir='ltr'>rostratis</span> <span class='ocrx_word' id='word_1_183' title='bbox 887 1916 1023 1966; x_wconf 85' lang='lat' dir='ltr'>Poeni</span> <span class='ocrx_word' id='word_1_184' title='bbox 1062 1933 1185 1965; x_wconf 86' lang='lat' dir='ltr'>vana</span> <span class='ocrx_word' id='word_1_185' title='bbox 1225 1917 1455 1983; x_wconf 84' lang='lat' dir='ltr'>pleraque</span> <span class='ocrx_word' id='word_1_186' title='bbox 1495 1916 1616 1983; x_wconf 87' lang='lat' dir='ltr'>(ut-</span> 
     </span>
     <span class='ocr_line' id='line_1_29' title="bbox 307 1983 1615 2053; baseline -0.001 -19"><span class='ocrx_word' id='word_1_187' title='bbox 307 2001 427 2052; x_wconf 89' lang='lat' dir='ltr'>pote</span> <span class='ocrx_word' id='word_1_188' title='bbox 468 1985 637 2052; x_wconf 86' lang='lat' dir='ltr'>supino</span> <span class='ocrx_word' id='word_1_189' title='bbox 683 1985 845 2053; x_wconf 59' lang='lat' dir='ltr'>jactu)</span> <span class='ocrx_word' id='word_1_190' title='bbox 888 1986 984 2034; x_wconf 90' lang='lat' dir='ltr'>tela</span> <span class='ocrx_word' id='word_1_191' title='bbox 1019 1987 1066 2033; x_wconf 86' lang='lat' dir='ltr'>in</span> <span class='ocrx_word' id='word_1_192' title='bbox 1106 1983 1400 2051; x_wconf 76' lang='lat' dir='ltr'>superiorem</span> <span class='ocrx_word' id='word_1_193' title='bbox 1449 1986 1615 2033; x_wconf 72' lang='lat' dir='ltr'>locum</span> 
     </span>
     <span class='ocr_line' id='line_1_30' title="bbox 304 2052 1649 2122; baseline -0.002 -18"><span class='ocrx_word' id='word_1_194' title='bbox 304 2054 606 2115; x_wconf 83' lang='lat' dir='ltr'>mittebant3</span> <span class='ocrx_word' id='word_1_195' title='bbox 654 2056 846 2122; x_wconf 82' lang='lat' dir='ltr'>gravior</span> <span class='ocrx_word' id='word_1_196' title='bbox 882 2071 937 2104; x_wconf 84' lang='lat' dir='ltr'>ac</span> <span class='ocrx_word' id='word_1_197' title='bbox 980 2052 1198 2119; x_wconf 86' lang='lat' dir='ltr'>pondere</span> <span class='ocrx_word' id='word_1_198' title='bbox 1246 2052 1349 2121; x_wconf 90' lang='lat' dir='ltr'>ipso</span> <span class='ocrx_word' id='word_1_199' title='bbox 1395 2052 1613 2103; x_wconf 85' lang='lat' dir='ltr'>libratior</span> <span class='ocrx_word' id='word_1_200' title='bbox 1648 2102 1649 2115; x_wconf 13' lang='grc' dir='ltr'><strong>χ</strong></span> 
     </span>
    </p>
   </div>
   <div class='ocr_carea' id='block_1_4' title="bbox 298 2185 926 2738">
    <p class='ocr_par' dir='ltr' id='par_1_4' title="bbox 298 2185 926 2660">
     <span class='ocr_line' id='line_1_31' title="bbox 360 2185 924 2240; baseline -0.004 -13"><span class='ocrx_word' id='word_1_201' title='bbox 360 2201 393 2238; x_wconf 77' lang='grc'>4</span> <span class='ocrx_word' id='word_1_202' title='bbox 413 2185 456 2227; x_wconf 87' lang='lat' dir='ltr'><em>U</em></span> <span class='ocrx_word' id='word_1_203' title='bbox 454 2198 469 2226; x_wconf 82' lang='lat' dir='ltr'>t</span> <span class='ocrx_word' id='word_1_204' title='bbox 479 2187 651 2240; x_wconf 78' lang='lat' dir='ltr'>pervium</span> <span class='ocrx_word' id='word_1_205' title='bbox 665 2186 707 2224; x_wconf 87' lang='lat' dir='ltr'>in</span> <span class='ocrx_word' id='word_1_206' title='bbox 720 2196 845 2225; x_wconf 81' lang='lat' dir='ltr'>totum</span> <span class='ocrx_word' id='word_1_207' title='bbox 862 2200 924 2226; x_wconf 83' lang='lat' dir='ltr'>or·-</span> 
     </span>
     <span class='ocr_line' id='line_1_32' title="bbox 300 2246 925 2303; baseline -0.002 -14"><span class='ocrx_word' id='word_1_208' title='bbox 300 2249 430 2293; x_wconf 76' lang='lat' dir='ltr'>dinem</span> <span class='ocrx_word' id='word_1_209' title='bbox 456 2247 575 2303; x_wconf 82' lang='lat' dir='ltr'>effet]</span> <span class='ocrx_word' id='word_1_210' title='bbox 605 2246 663 2286; x_wconf 94' lang='lat' dir='ltr'>Ut</span> <span class='ocrx_word' id='word_1_211' title='bbox 688 2260 764 2300; x_wconf 91' lang='lat' dir='ltr'>per</span> <span class='ocrx_word' id='word_1_212' title='bbox 789 2256 925 2288; x_wconf 87' lang='lat' dir='ltr'>totum</span> 
     </span>
     <span class='ocr_line' id='line_1_33' title="bbox 298 2309 925 2363; baseline -0.005 -11"><span class='ocrx_word' id='word_1_213' title='bbox 298 2311 487 2353; x_wconf 78' lang='lat' dir='ltr'>ordinem</span> <span class='ocrx_word' id='word_1_214' title='bbox 504 2309 691 2363; x_wconf 87' lang='lat' dir='ltr'>pervium</span> <span class='ocrx_word' id='word_1_215' title='bbox 707 2309 809 2360; x_wconf 84' lang='lat' dir='ltr'>iter,</span> <span class='ocrx_word' id='word_1_216' title='bbox 829 2322 925 2362; x_wconf 85' lang='lat' dir='ltr'>per·</span> 
     </span>
     <span class='ocr_line' id='line_1_34' title="bbox 299 2370 923 2416; baseline -0.006 -2"><span class='ocrx_word' id='word_1_217' title='bbox 299 2373 390 2416; x_wconf 72' lang='lat' dir='ltr'>vius</span> <span class='ocrx_word' id='word_1_218' title='bbox 410 2370 596 2412; x_wconf 75' lang='lat' dir='ltr'>transitus</span> <span class='ocrx_word' id='word_1_219' title='bbox 614 2384 665 2410; x_wconf 85' lang='lat' dir='ltr'>ex</span> <span class='ocrx_word' id='word_1_220' title='bbox 679 2385 757 2410; x_wconf 81' lang='lat' dir='ltr'>una</span> <span class='ocrx_word' id='word_1_221' title='bbox 776 2371 866 2411; x_wconf 85' lang='lat' dir='ltr'>navi</span> <span class='ocrx_word' id='word_1_222' title='bbox 882 2371 923 2411; x_wconf 84' lang='lat' dir='ltr'>in</span> 
     </span>
     <span class='ocr_line' id='line_1_35' title="bbox 298 2432 922 2487; baseline -0.006 -11"><span class='ocrx_word' id='word_1_223' title='bbox 298 2435 419 2478; x_wconf 75' lang='lat' dir='ltr'>aliam</span> <span class='ocrx_word' id='word_1_224' title='bbox 439 2432 553 2474; x_wconf 74' lang='lat' dir='ltr'>esset.</span> <span class='ocrx_word' id='word_1_225' title='bbox 574 2432 654 2473; x_wconf 79' lang='lat' dir='ltr'>Sub</span> <span class='ocrx_word' id='word_1_226' title='bbox 672 2432 762 2486; x_wconf 80' lang='lat' dir='ltr'>ipfis</span> <span class='ocrx_word' id='word_1_227' title='bbox 780 2436 922 2487; x_wconf 76' lang='lat' dir='ltr'>ponti-</span> 
     </span>
     <span class='ocr_line' id='line_1_36' title="bbox 303 2495 922 2548; baseline -0.002 -12"><span class='ocrx_word' id='word_1_228' title='bbox 303 2495 403 2545; x_wconf 64' lang='lat' dir='ltr'>busg</span> <span class='ocrx_word' id='word_1_229' title='bbox 422 2496 492 2536; x_wconf 85' lang='lat' dir='ltr'>sub</span> <span class='ocrx_word' id='word_1_230' title='bbox 510 2495 654 2536; x_wconf 83' lang='lat' dir='ltr'>tabulis</span> <span class='ocrx_word' id='word_1_231' title='bbox 674 2495 755 2534; x_wconf 85' lang='lat' dir='ltr'>illis</span> <span class='ocrx_word' id='word_1_232' title='bbox 768 2526 778 2545; x_wconf 88' lang='lat'>‚</span> <span class='ocrx_word' id='word_1_233' title='bbox 798 2509 886 2548; x_wconf 84' lang='lat' dir='ltr'>quae</span> <span class='ocrx_word' id='word_1_234' title='bbox 901 2509 922 2535; x_wconf 96' lang='lat' dir='ltr'>e</span> 
     </span>
     <span class='ocr_line' id='line_1_37' title="bbox 305 2555 926 2601; baseline -0.003 -1"><span class='ocrx_word' id='word_1_235' title='bbox 305 2571 411 2600; x_wconf 76' lang='lat' dir='ltr'>nave</span> <span class='ocrx_word' id='word_1_236' title='bbox 423 2560 464 2598; x_wconf 83' lang='lat' dir='ltr'>in</span> <span class='ocrx_word' id='word_1_237' title='bbox 476 2571 620 2601; x_wconf 76' lang='lat' dir='ltr'>navem</span> <span class='ocrx_word' id='word_1_238' title='bbox 636 2555 841 2599; x_wconf 77' lang='lat' dir='ltr'>transitum</span> <span class='ocrx_word' id='word_1_239' title='bbox 857 2557 926 2598; x_wconf 85' lang='lat' dir='ltr'>da-</span> 
     </span>
     <span class='ocr_line' id='line_1_38' title="bbox 304 2621 418 2660; baseline -0.009 0"><span class='ocrx_word' id='word_1_240' title='bbox 304 2621 418 2660; x_wconf 78' lang='lat' dir='ltr'>bant.</span> 
     </span>
    </p>

    <p class='ocr_par' dir='ltr' id='par_1_5' title="bbox 370 2679 926 2738">
     <span class='ocr_line' id='line_1_39' title="bbox 370 2679 926 2738; baseline 0 -15"><span class='ocrx_word' id='word_1_241' title='bbox 370 2694 394 2737; x_wconf 78' lang='lat'>5</span> <span class='ocrx_word' id='word_1_242' title='bbox 431 2679 660 2738; x_wconf 67' lang='lat' dir='ltr'>Ruscinona</span> <span class='ocrx_word' id='word_1_243' title='bbox 690 2680 709 2738; x_wconf 94' lang='lat'><strong>]</strong></span> <span class='ocrx_word' id='word_1_244' title='bbox 760 2679 926 2727; x_wconf 77' lang='lat' dir='ltr'>Nomen</span> 
     </span>
    </p>
   </div>
   <div class='ocr_carea' id='block_1_5' title="bbox 986 2183 1630 2679">
    <p class='ocr_par' dir='ltr' id='par_1_6' title="bbox 986 2183 1614 2301">
     <span class='ocr_line' id='line_1_40' title="bbox 986 2183 1614 2242; baseline 0.002 -17"><span class='ocrx_word' id='word_1_245' title='bbox 986 2184 1068 2226; x_wconf 87' lang='lat' dir='ltr'>loci</span> <span class='ocrx_word' id='word_1_246' title='bbox 1096 2185 1162 2224; x_wconf 88' lang='lat' dir='ltr'>vel</span> <span class='ocrx_word' id='word_1_247' title='bbox 1192 2183 1377 2242; x_wconf 87' lang='lat' dir='ltr'>ignotum</span> <span class='ocrx_word' id='word_1_248' title='bbox 1395 2216 1406 2236; x_wconf 90' lang='lat'>,</span> <span class='ocrx_word' id='word_1_249' title='bbox 1428 2185 1495 2226; x_wconf 87' lang='lat' dir='ltr'>vel</span> <span class='ocrx_word' id='word_1_250' title='bbox 1523 2197 1614 2226; x_wconf 82' lang='lat' dir='ltr'>cor·</span> 
     </span>
     <span class='ocr_line' id='line_1_41' title="bbox 987 2256 1168 2301; baseline -0.022 -11"><span class='ocrx_word' id='word_1_251' title='bbox 987 2256 1168 2301; x_wconf 83' lang='lat' dir='ltr'>ruptum.</span> 
     </span>
    </p>

    <p class='ocr_par' dir='ltr' id='par_1_7' title="bbox 987 2305 1630 2679">
     <span class='ocr_line' id='line_1_42' title="bbox 1051 2305 1609 2362; baseline -0.002 -13"><span class='ocrx_word' id='word_1_252' title='bbox 1051 2309 1074 2349; x_wconf 88' lang='grc'>6</span> <span class='ocrx_word' id='word_1_253' title='bbox 1097 2306 1486 2362; x_wconf 60' lang='lat' dir='ltr'>Proximkspeciem]</span> <span class='ocrx_word' id='word_1_254' title='bbox 1506 2305 1609 2348; x_wconf 79' lang='lat' dir='ltr'>Pro·</span> 
     </span>
     <span class='ocr_line' id='line_1_43' title="bbox 987 2369 1608 2424; baseline -0.003 -13"><span class='ocrx_word' id='word_1_255' title='bbox 987 2369 1095 2411; x_wconf 79' lang='lat' dir='ltr'>xime</span> <span class='ocrx_word' id='word_1_256' title='bbox 1116 2371 1340 2412; x_wconf 79' lang='lat' dir='ltr'>accedebat</span> <span class='ocrx_word' id='word_1_257' title='bbox 1360 2384 1426 2411; x_wconf 86' lang='lat' dir='ltr'>res</span> <span class='ocrx_word' id='word_1_258' title='bbox 1444 2370 1491 2410; x_wconf 88' lang='lat' dir='ltr'>ad</span> <span class='ocrx_word' id='word_1_259' title='bbox 1510 2370 1608 2424; x_wconf 89' lang='lat' dir='ltr'>spe-</span> 
     </span>
     <span class='ocr_line' id='line_1_44' title="bbox 987 2433 1608 2486; baseline -0.002 -13"><span class='ocrx_word' id='word_1_260' title='bbox 987 2433 1091 2474; x_wconf 89' lang='lat' dir='ltr'>ciem</span> <span class='ocrx_word' id='word_1_261' title='bbox 1119 2433 1280 2473; x_wconf 83' lang='lat' dir='ltr'>navium</span> <span class='ocrx_word' id='word_1_262' title='bbox 1304 2445 1442 2474; x_wconf 86' lang='lat' dir='ltr'>muros</span> <span class='ocrx_word' id='word_1_263' title='bbox 1470 2446 1608 2486; x_wconf 86' lang='lat' dir='ltr'>oppu-</span> 
     </span>
     <span class='ocr_line' id='line_1_45' title="bbox 989 2494 1630 2553; baseline 0 -17"><span class='ocrx_word' id='word_1_264' title='bbox 989 2496 1200 2550; x_wconf 81' lang='lat' dir='ltr'>gnantium</span> <span class='ocrx_word' id='word_1_265' title='bbox 1237 2509 1249 2538; x_wconf 73' lang='lat' dir='ltr'>r</span> <span class='ocrx_word' id='word_1_266' title='bbox 1289 2508 1337 2535; x_wconf 88' lang='lat' dir='ltr'>ea</span> <span class='ocrx_word' id='word_1_267' title='bbox 1375 2494 1630 2553; x_wconf 40' lang='lat' dir='ltr'>certaminis·</span> 
     </span>
     <span class='ocr_line' id='line_1_46' title="bbox 987 2554 1616 2611; baseline 0.005 -14"><span class='ocrx_word' id='word_1_268' title='bbox 987 2557 1144 2611; x_wconf 85' lang='lat' dir='ltr'>species</span> <span class='ocrx_word' id='word_1_269' title='bbox 1193 2567 1305 2608; x_wconf 85' lang='lat' dir='ltr'>erat,</span> <span class='ocrx_word' id='word_1_270' title='bbox 1341 2554 1446 2611; x_wconf 75' lang='lat' dir='ltr'>quast</span> <span class='ocrx_word' id='word_1_271' title='bbox 1481 2569 1616 2611; x_wconf 70' lang='lat' dir='ltr'>naves¹</span> 
     </span>
     <span class='ocr_line' id='line_1_47' title="bbox 989 2629 1460 2679; baseline -0.002 -17"><span class='ocrx_word' id='word_1_272' title='bbox 989 2629 1278 2679; x_wconf 82' lang='lat' dir='ltr'>oppugnarent</span> <span class='ocrx_word' id='word_1_273' title='bbox 1304 2631 1460 2664; x_wconf 72' lang='lat' dir='ltr'>muros.</span> 
     </span>
    </p>
   </div>
  </div>
 </body>
</html>
