1649 3104
267 117 343 168 42
583 103 592 107 “
674 98 746 156 Τ.
833 98 878 155 L
923 115 945 155 1
988 118 1032 157 v
1076 116 1098 156 1
1143 116 1166 157 1

55 177 248 244 U.c.541.
264 178 440 228 Punica
472 177 623 228 claffis
649 179 761 229 οξὶο
783 181 931 230 millia
956 182 1172 247 peditum
1191 218 1205 241 ‚
1230 182 1320 231 tria
1341 179 1579 232 Numida-³

54 236 200 280 ³·(···21
216 251 245 278 ¹·
262 264 371 294 rum
393 249 611 314 equitum
634 249 870 315 exposuit.
899 248 980 297 Ad
1002 268 1087 299 eos
1111 250 1407 317 Murgantini
1429 250 1578 300 desci-

262 332 383 365 vere
405 333 417 365 :
436 324 610 366 lecutae
643 316 974 366 defeffionem·
1004 335 1174 367 eorum
1196 319 1366 385 Hybla
1390 321 1441 368 ὃ(
1465 319 1576 368 Ma-

263 383 387 433 cella
423 383 528 433 sunt
545 421 559 443 ‚
583 386 636 436 &
662 386 975 452 ignobiliores
1006 385 1086 454 (3)
1124 388 1346 454 quaedam
1370 386 1487 435 aliae.
1512 391 1577 436 Et

190 461 198 470 ”
258 451 488 502 Numidae
506 490 520 512 ‚
549 451 777 519 praefe&o
814 453 1004 503 Mutine
1023 493 1035 510 ,
1073 456 1181 522 vagi
1220 474 1305 522 per
1329 471 1482 504 totam
1506 454 1579 504 Si-

260 521 423 570 ciliam
445 558 460 581 ,
496 521 740 570 sociorum
772 522 941 589 populi
987 522 1134 573 Rom.
1168 541 1308 591 agros
1336 524 1579 574 ‘urebant-

260 587 416 658 Super
454 590 556 638 haec
590 591 826 639 exercitus
851 591 994 640 Rom.
1029 593 1177 641 iratus
1199 631 1213 653 ‚
1253 594 1427 659 partim
1443 592 1579 658 quod·

261 676 371 708 curn
406 659 703 726 imperatore
740 676 838 707 non
872 659 1100 710 devectus
1133 677 1193 709 ex
1221 662 1470 727 provincia
1506 659 1578 709 es-

262 726 364 786 set,
400 729 576 794 partim
621 726 756 794 quod
804 729 854 776 in
894 729 1086 795 oppidis
1137 728 1390 778 hibernare
1439 730 1583 779 vetiti
1632 774 1636 777 ⁴

266 809 429 853 erant,
472 794 602 864 segni
631 795 955 864 fungebantur
983 798 1151 847 militia
1181 815 1191 845 ι
1229 796 1475 865 magisque
1509 799 1580 846 eis

266 864 430 912 auelm·
462 865 523 912 ad
548 863 842 914 seditionem
866 903 881 926 ‚
907 865 1052 932 quam
1076 868 1263 915 animus
1296 867 1478 915 deerat.
1504 865 1583 914 In·

265 946 342 980 ter
374 932 458 980 has
487 931 796 983 difficultates
817 971 832 994 ,
865 933 941 984 M.
977 931 1235 983 Cornelius
1272 948 1452 1002 praetor
1476 971 1491 994 ,
1529 936 1582 984 &

266 999 476 1049 militum
516 1003 733 1059 animos,
759 1020 885 1052 nunc
926 1001 1256 1062 consolando,
1292 1021 1419 1051 nunc
1446 1001 1585 1051 casti-

268 1069 429 1134 gando
457 1106 471 1128 ,
503 1067 689 1120 sedavit
709 1108 724 1131 ,
756 1073 808 1122 &
844 1073 1065 1120 civitates
1101 1089 1271 1120 omnes
1306 1090 1411 1139 quae
1449 1070 1585 1119 defe-

269 1152 434 1187 cerant
460 1139 512 1188 in
545 1138 782 1188 ditionem
811 1139 1000 1207 redegit
1026 1157 1043 1200 3
1079 1154 1222 1208 atque
1258 1157 1318 1189 ex
1352 1141 1423 1188 his
1450 1139 1587 1188 Mur-

266 1207 480 1273 gantiam
515 1205 772 1275 Hispanis‚
797 1208 970 1275 quibus
988 1207 1101 1257 urbs
1129 1225 1340 1276 agerque
1377 1207 1592 1259 debebaa

269 1289 346 1324 zur
381 1292 443 1324 ex
472 1274 882 1326 senatusconsulto
906 1315 921 1338 ,
942 1276 1172 1327 attribuit.

335 1343 500 1394 XXII.
542 1343 781 1396 Consules
817 1363 967 1413 quum
1001 1345 1148 1395 ambo
1184 1344 1419 1413 Apuliam
1467 1363 1589 1413 prof

267 1413 484 1462 ‘vinciam
514 1412 754 1464 haberent
769 1453 780 1472 ‚
816 1414 1067 1482 minusque
1088 1412 1185 1480 jam
1208 1417 1405 1465 terroris
1426 1433 1451 1462 a
1474 1411 1607 1464 Poess

269 1483 344 1531 nis
374 1484 426 1531 δε
454 1482 698 1533 Annibal-e
732 1481 846 1533 effer
860 1521 878 1543 ‚
909 1482 1064 1533 sortiri
1088 1481 1194 1549 juffi
1216 1483 1450 1550 Apuliam
1480 1483 1589 1531 Ma-

273 1549 636 1619 cedoniamque
681 1553 974 1618 provincias.
1032 1550 1248 1618 Sulpicio
1295 1551 1598 1602 Macedonia·

272 1621 439 1669 evenit
460 1656 473 1678 ‚
502 1619 636 1688 isque
668 1620 871 1671 Laevino
901 1618 1132 1671 succeffit.
1153 1619 1351 1670 Fulvius
1380 1620 1596 1670 Romam

274 1688 594 1738 comitiorum
616 1690 756 1737 causa
785 1687 1025 1737 arceffitus
1046 1724 1061 1746 ‚
1082 1704 1233 1753 quum
1259 1691 1458 1736 comitia
1477 1705 1597 1737 con-

275 1754 455 1805 sulibus
494 1756 718 1822 rogandis
758 1755 988 1815 haberet,
1023 1754 1104 1823 (4)
1136 1758 1455 1824 praerogativa
1490 1756 1596 1806 Ve-

279 1826 403 1873 turia
432 1823 677 1888 juniorum
714 1824 975 1874 declaravit
1011 1821 1075 1874 T.
1111 1823 1349 1874 Manlium
1366 1824 1598 1892 Torqua·-

79 1888 270 1932 'Manlius
283 1907 390 1943 tum
410 1892 541 1944 &T.
566 1891 854 1943 Otacilium.
872 1892 1112 1953 Manlius,
1135 1894 1217 1960 qui
1238 1893 1445 1960 praesens
1467 1896 1566 1943 erat
1581 1932 1597 1952 ‚

72 1950 261 2008 consula·
287 1962 555 2031 gratulandi
584 1961 727 2011 causa
758 1979 909 2029 quum
936 1962 1076 2011 turba
1106 1963 1259 2010 coiret
1279 1999 1293 2022 ‚
1313 1980 1403 2011 nec
1423 1962 1598 2011 dubius

74 2027 158 2055 gum
192 2029 250 2055 ’θ’
291 2030 407 2081 esset
429 2030 683 2080 consensus
705 2031 906 2098 populi,
930 2030 1104 2098 magna
1130 2030 1442 2080 circumfusus
1461 2032 1600 2080 turba

68 2075 202 2132 cusat.
289 2099 349 2150 ad
387 2101 591 2149 tribunal
628 2098 833 2149 consulis
877 2101 1057 2157 venit3
1095 2100 1316 2166 petitque
1357 2115 1407 2148 ut
1444 2117 1602 2166 pauca

287 2169 367 2218 sua
401 2170 553 2218 verba
595 2169 816 2229 audiret,
864 2170 1227 2234 centuriamque
1271 2186 1380 2235 quae
1425 2167 1600 2217 tulisset

288 2235 597 2305 suffragium,
636 2240 858 2287 revocari
894 2237 1101 2305 juberet.
1150 2235 1329 2285 Ereffis
1374 2237 1600 2285 omnibus

291 2305 651 2373 exspeclatione
688 2307 919 2374 quidnam
948 2305 1273 2373 postulaturus
1311 2303 1455 2363 esset,
1488 2323 1601 2354 ocu-

292 2374 454 2424 lorum
480 2375 812 2424 valetudinem
836 2375 1096 2425 excusavit.
1126 2375 1431 2440 Impudentem
1450 2375 1495 2423 ξω
1522 2393 1613 2439 gua·

293 2445 565 2492 bernatorem
602 2444 646 2492 δ’
675 2446 980 2510 imperatorem
1012 2442 1092 2508 ff
1111 2479 1127 2503 ‚
1163 2445 1272 2508 qui,
1302 2461 1436 2509 quum
1487 2444 1606 2490 alie-

299 2581 301 2583 ·
361 2543 380 2584 3
406 2527 735 2589 Quaedamaliae]
762 2531 917 2587 Supple
981 2532 1161 2586 niorum]
1177 2531 1285 2574 Vide
1299 2532 1326 2574 1.
1339 2530 1502 2577 XXIV·
1516 2545 1610 2586 cap,

296 2590 672 2714 urbgslfjmogasm
691 2651 854 2698 Veturia.
858 2668 925 2710 μ·-
985 2607 1028 2649 7·
1058 2603 1148 2636 non
1170 2607 1211 2651 5‘
