1649 3104
359 124 714 180 LIBER
791 117 1036 185 XXX.
1227 135 1339 201 375

28 227 154 269 'tute
185 214 292 284 post
322 216 748 266 sextumdecimum
779 232 955 264 annum
989 216 1192 284 receptis
1215 254 1230 277 ,
1262 214 1574 285 qtiiU·9-5492·

53 285 114 336 ad
148 287 308 336 vicum
341 284 584 334 Tanetum
617 303 643 333 a
674 282 806 332 Boiis
838 287 964 349 capti
994 284 1206 343 fuerant,
1234 285 1344 334 hinc
1363 271 1556 324 ³4⁰²<sp

53 367 189 421 patre
211 389 225 412 ,
259 352 366 402 hinc
398 351 572 402 Catulo
608 353 744 401 lateri
782 351 1083 400 circumdatis
1107 389 1121 412 ,
1154 355 1347 418 privato

22 422 202 486 »magis
224 458 237 478 ,
273 420 415 487 quam
460 420 653 487 publico
690 420 865 468 decore
900 418 1089 485 insignis
1135 419 1348 470 Romam

50 489 209 537 rediit.
243 488 414 537 Latum
457 489 518 537 ad
565 488 800 554 populum
847 486 950 544 est,
989 505 1040 534 ne
1073 488 1119 535 C.
1161 489 1353 537 Servilio

47 553 205 622 fraudi
240 556 373 621 estet,
402 557 520 620 quod
540 571 668 619 patre
690 591 705 612 ,
736 557 810 620 qui
834 555 954 620 sella*
985 555 1122 603 curuli
1146 555 1358 620 scalsset,

56 625 162 673 vivo
187 659 202 680 ,
243 642 373 688 quum
415 625 467 671 id
503 625 722 689 ignoraret
751 659 765 681 ‚
806 624 1004 670 tribunus
1039 622 1183 688 plebis
1230 638 1360 686 atque
1400 658 1402 662 ν

57 691 201 739 aedilis
225 692 370 756 plebis
395 689 583 755 fhiffit,
617 689 767 737 contra*
799 690 927 754 qudm
954 690 1149 755 fimflum
1187 690 1358 757 legibus

51 773 158 806 erat.
199 758 304 806 Hac
335 760 586 824 rogatione
619 758 799 822 perlata
822 793 836 814 ‚
867 759 916 804 in
951 758 1252 823 provinciam
1286 774 1363 806 re-

53 825 157 875 diit.
190 825 272 876 Ad
304 823 394 874 Cn.
432 823 689 874 Servilium
719 823 961 873 consulem
986 861 1000 884 ‚
1034 828 1113 891 qui
1143 829 1192 873 in
1226 825 1364 876 Brut·

11 920 17 924 .
53 895 131 941 tiis
176 906 313 953 erat,
352 890 448 957 (7)
483 891 744 942 Consentia
771 928 785 950 ,
829 890 1063 958 Uffugum
1091 930 1107 952 ,
1145 892 1323 962 Vergae
1348 928 1365 954 ,

54 959 255 1010 Besidiae
274 998 286 1019 ,
312 959 616 1009 Hetriculurn
639 999 653 1022 ,
677 959 928 1026 Sypheum
950 997 964 1019 ,
993 962 1329 1028 Argentanum
1349 997 1366 1022 ‚

55 1026 366 1096 Clampetia,
399 1029 634 1095 multique
667 1030 743 1076 alii
779 1028 1014 1094 ignobiles
1047 1029 1251 1096 populi,
1287 1027 1365 1078 se-

40 1096 249 1153 ,nescere
292 1095 520 1144 Punicum
568 1095 745 1144 bellurn
790 1111 1078 1155 cernentes,
1117 1097 1358 1146 defecere³

52 1163 193 1213 Idem
219 1163 380 1213 consul
409 1181 517 1211 cum
551 1162 791 1212 Annibale
820 1164 868 1211 in
897 1181 1013 1231 agro
1046 1162 1360 1213 Crotoniensi

52 1235 156 1280 acie
200 1231 430 1280 conflixit.
471 1229 687 1281 Obscura
729 1230 831 1297 ejus
874 1249 1046 1298 pugnae
1097 1231 1221 1281 fama
1272 1230 1361 1282 est.

52 1297 279 1349 Valerius
317 1298 488 1348 Antias
532 1300 742 1366 quinque
789 1298 935 1347 millia
980 1298 1186 1348 hostium
1241 1298 1362 1348 caesa

52 1369 117 1416 ait
141 1386 156 1429 3
185 1385 290 1435 quae
325 1382 454 1416 tanta
484 1383 556 1415 res
591 1366 658 1415 est
681 1405 695 1427 ‚
727 1381 778 1415 ut
809 1382 887 1415 aut
915 1367 1220 1434 impudenter
1249 1366 1360 1417 fifta

49 1435 108 1485 fit
139 1473 155 1496 ‚
200 1450 280 1484 aut
324 1436 624 1503 negligenter
672 1435 989 1502 praetermissa.
1031 1434 1166 1484 Nihil
1219 1435 1356 1485 certe

50 1504 174 1553 ultra
222 1505 289 1552 rei
338 1506 385 1552 in
431 1503 563 1552 Italia
603 1503 661 1553 ab
703 1503 942 1552 Annibale
988 1502 1174 1570 gestum
1202 1522 1212 1553 :
1240 1520 1352 1552 nam

1 1573 111 1630 [ad
146 1589 257 1620 eum
294 1590 487 1639 quoque
530 1573 672 1638 legati
698 1572 768 1629 ab
806 1570 1094 1638 Carthagine
1116 1609 1130 1631 ‚
1171 1588 1355 1621 vocan-

49 1654 125 1689 tes
175 1641 222 1688 in
271 1640 486 1689 Africam
519 1677 533 1700 ‚
574 1642 629 1688 iis
677 1638 802 1689 forte
853 1640 1023 1689 diebus
1071 1639 1244 1707 quibus
1292 1638 1355 1689 ad

50 1707 317 1774 Magonem
340 1745 354 1768 ‚
391 1716 645 1757 venerunt.

119 1776 240 1825 XX.
276 1777 521 1826 Frendens
558 1775 845 1843 gemensque
868 1815 878 1833 ‚
912 1794 965 1825 ac
1002 1776 1084 1826 vix
1121 1774 1351 1841 lacrymis
1434 1774 1566 1816 Anni.

50 1857 324 1912 temperans
346 1884 360 1903 ,
402 1846 573 1894 dicitur
622 1845 887 1912 legatorum
938 1844 1088 1893 verba
1109 1878 1119 1883 -
1138 1842 1314 1892 audisse
1336 1861 1346 1890 z
1372 1836 1475 1879 halis
1499 1854 1563 1910 se·

51 1913 303 1980 postquam
349 1914 476 1962 edita
516 1912 619 1961 sunt
669 1914 889 1962 mandata
917 1951 927 1969 ,
973 1912 1076 1962 Iam
1122 1929 1209 1959 non
1249 1929 1353 1977 per-
1371 1913 1566 1971 ’'⁰⁶44“

43 1982 177 2049 plexe
197 2019 212 2038 ‚
247 1984 400 2047 inquit
420 2020 432 2041 ‚
455 1981 541 2046 fed
559 1981 715 2047 palcgn
746 1994 985 2039 revocant,
1018 1980 1125 2045 qui,
1161 1981 1351 2027 vetando
1374 1962 1500 2064 ‘ullu‘

41 2049 385 2116 supplementum
419 2049 463 2096 ὅ)
487 2051 720 2115 pecuniam
756 2051 902 2106 mitti,
926 2046 1190 2113 jampridem
1220 2063 1355 2096 retra·
1371 2026 1422 2066 do
1444 2039 1502 2068 or·

25 2119 222 2167 fiebant.
260 2119 383 2166 Vicit
422 2135 519 2184 ergo
558 2117 824 2165 Annibalem
873 2134 958 2164 non
989 2115 1183 2182 populus
1221 2118 1352 2164 Rom.

49 2188 179 2234 toties
215 2204 273 2233 cae
300 2203 349 2231 us
370 2182 666 2251 fitgatustjue‚
692 2185 776 2249 sed
794 2185 976 2249 senams
1012 2185 1354 2249 Carthaginien-

0 2286 4 2291 ·
41 2256 108 2320 fis
125 2291 141 2311 ,
168 2255 466 2301 obtrec‘liztione
493 2268 620 2318 atque
648 2253 820 2316 invidia*
832 2274 851 2312 ,·
880 2269 1010 2317 neque
1039 2254 1122 2299 hac
1151 2248 1354 2316 desbrmi-

51 2336 141 2369 tate
185 2321 346 2368 redistis
390 2323 472 2369 mei
511 2335 601 2369 tam
643 2322 702 2369 P.
745 2322 898 2387 Scipio
943 2319 1182 2384 exfizltabit
1221 2333 1353 2384 atque

51 2388 193 2455 efferet
228 2389 323 2456 sese
346 2425 362 2446 ,
398 2388 526 2455 qutim
565 2391 736 2439 Hanno
758 2425 772 2449 ,
804 2390 877 2455 qui
909 2389 1080 2435 domum
1119 2388 1306 2453 nostram
1329 2421 1346 2446 ,

53 2533 167 2574 multi
183 2531 275 2574 libri
293 2532 431 2574 secant
448 2530 667 2573 recidendo
731 2529 874 2571 Livius
900 2560 911 2579 ,
935 2528 1005 2569 lib.
1034 2541 1084 2569 21
1110 2559 1121 2578 ‚
1147 2542 1183 2568 c.
1217 2541 1291 2579 25.

49 2608 195 2635 vocem
208 2594 472 2650 patruo.1nfra
487 2625 497 2644 ,
511 2609 536 2633 a
553 2592 668 2634 Boiis
796 2606 820 2641 7
848 2590 1087 2645 Consentia..
1103 2590 1354 2642 Clampetia..

51 2659 162 2712 capti
187 2655 350 2710 fuerant
373 2670 386 2700 .·
413 2668 500 2697 rem
535 2665 671 2698 narrat
734 2653 936 2710 deficere]
968 2652 1125 2693 Tamen
1156 2650 1357 2706 Clampee
