1649 3104
239 121 288 180 L
330 136 353 177 1
396 134 433 178 B
479 132 513 175 ε
557 135 598 176 R
681 117 1058 182 XXVIII.
1171 137 1300 203 ‘215

17 219 256 292 quentibus
276 218 354 286 (4)
384 219 433 266 in
465 218 716 285 obliquum
748 219 866 267 aliis.
894 218 1033 269 Sinus
1062 221 1109 268 in
1136 221 1302 270 medio
1323 208 1515 276 [lc-546.

19 304 139 349 erat,
187 305 280 354 qua
332 286 519 354 segnius
566 286 888 353 Hispanorum
939 287 1067 354 signa
1114 265 1518 337 incede-a’LJOG‘

19 360 117 409 bant
141 375 151 405 τ
183 358 235 405 &
260 354 356 421 jam
384 355 698 405 conflixerant
723 373 930 412 cornua,
961 373 1110 421 quum
1129 393 1145 413 ,
1174 357 1305 422 quod

19 426 193 475 roboris
231 426 279 471 in
316 425 466 472 aciem
498 423 705 472 hostium
739 439 876 481 erar,
916 423 1046 470 Poeni
1091 426 1313 472 veterani

17 492 211 558 Afrique
240 491 459 541 nondum
500 492 560 542 ad
601 493 683 543 teli
727 490 996 556 conjeClum
1043 490 1308 548 venissent,

19 577 165 627 neque
220 561 267 610 in
315 577 525 618 cornua,
574 575 626 608 ut
669 558 950 625 adjuvarent
1007 573 1307 625 pugnanteS,

20 627 266 678 discurrere
296 628 556 685 auderent,
579 645 639 676 ne
661 631 901 694 aperirent
923 627 1133 675 mediam
1159 629 1314 676 aciem

21 697 222 747 venienti
256 712 314 743 ex
343 695 546 743 adverso
578 695 714 744 hosti.
743 695 941 744 Cornua
970 697 1163 760 ancipiti
1189 713 1316 761 proe-

21 765 90 814 lio*
125 764 412 830 urgebantur
460 782 470 812 z
526 780 669 829 eques
704 802 715 820 ‚
777 763 990 829 levisque
1039 778 1313 823 armatura,

21 833 70 883 δί.
103 832 310 889 velites,
349 831 680 880 circumductis
719 831 800 878 alis
840 834 885 878 in
928 832 1073 879 latera
1101 833 1315 880 incurre-

22 900 159 960 bant3
196 900 424 948 cohortes
458 917 484 946 a
525 898 684 948 fronte
735 900 965 966 urgebant
987 936 1000 958 ‚
1031 914 1082 947 ut
1113 900 1313 951 abrum-

22 982 182 1036 perent
211 986 390 1016 cornua
418 986 443 1014 a
473 982 633 1027 cetera
668 985 784 1016 acie.

48 1044 50 1048 ’
79 1035 191 1084 XV.
215 1036 291 1102 (5)
312 1036 367 1084 Et
390 1054 535 1101 quum
559 1035 616 1082 ab
635 1037 765 1082 omni
790 1051 921 1099 parte
941 1035 1313 1103 haudquaquam

23 1121 97 1170 par
146 1122 302 1170 pugna
352 1119 483 1160 erar,
534 1119 632 1151 tum
688 1105 817 1169 quod
869 1105 1002 1151 turba
1044 1104 1314 1154 Balearium

23 1173 318 1238 :ironumque
383 1170 699 1237 Hispanorum
763 1171 988 1220 Romano
1046 1171 1317 1239 Latinoque

23 1240 151 1287 militi
185 1238 371 1303 objecta
406 1254 536 1299 erat,
574 1242 624 1287 Sc
661 1241 955 1304 procedente
992 1236 1084 1301 jam
1128 1241 1205 1289 die
1242 1243 1317 1288 vi-

23 1323 92 1355 res
123 1309 265 1355 etiam
305 1305 510 1354 deficere
539 1307 818 1355 Asdrubalis
852 1310 1109 1356 exercitum
1149 1327 1320 1374 coepe-

23 1389 161 1435 rant,
213 1373 462 1440 oppressos
514 1376 749 1424 matutino
799 1376 1040 1433 tumultu,
1099 1377 1318 1424 coactos-

27 1460 118 1509 que
139 1480 152 1502 ‚
181 1442 449 1509 priusquam
482 1442 590 1490 cibo
619 1461 822 1506 corpora
849 1442 1122 1499 firmarent,
1149 1447 1324 1510 raptim

25 1510 73 1558 in
109 1513 260 1559 aciem
297 1513 442 1559 exire.
483 1510 564 1559 Ad
606 1511 654 1559 id
689 1511 850 1559 sedulo
890 1512 1019 1560 diem
1054 1528 1325 1565 extraxerat

22 1575 218 1645 Scipio3
254 1593 304 1627 ut
346 1578 445 1627 sera
491 1596 648 1644 pugna
691 1578 842 1628 effer:
888 1598 999 1627 nam
1035 1579 1092 1627 ab
1123 1579 1324 1646 septima

21 1645 220 1695 demum
256 1646 374 1694 hora
409 1647 625 1713 peditum
670 1645 794 1713 figna
836 1648 1060 1697 cornibus
1101 1649 1324 1697 incucurs-

22 1729 184 1765 rerunt
219 1731 229 1762 :
271 1714 329 1762 ad
367 1716 547 1763 medias
585 1716 709 1763 acies
752 1716 993 1781 aliquanto
1031 1714 1176 1764 serius
1211 1734 1320 1782 per-

22 1784 152 1830 venit
186 1799 372 1848 pugna3
403 1785 466 1830 ita
494 1797 544 1830 ut
575 1786 698 1848 prius
723 1781 860 1831 aestus
883 1802 908 1831 a
941 1783 1208 1832 meridiano
1242 1784 1318 1833 soa

22 1850 100 1908 le,
141 1851 369 1916 laborque
407 1850 556 1899 standi
583 1850 664 1899 sub
700 1854 838 1899 armis
861 1888 875 1909 ‚
912 1853 964 1901 ὃ(
996 1850 1133 1900 simul
1165 1853 1316 1908 fames

21 1915 205 1983 sitisque
244 1937 448 1984 corpora
486 1917 770 1980 afficerent3
811 1919 953 1985 quam
995 1937 1160 1968 manus
1209 1938 1321 1970 cum

22 1984 154 2034 hoste
199 1986 521 2036 consererent.
575 1986 741 2054 Itaque
800 1987 1027 2035 steterunt
1075 1987 1212 2036 scutis
1252 1990 1323 2037 in-

22 2055 120 2102 nixi
147 2070 157 2100 :
191 2072 299 2102 narn
328 2054 466 2120 super
495 2069 654 2103 cetera
681 2056 921 2121 elephanti
955 2057 1129 2114 etiam,
1152 2057 1325 2105 tumul-

21 2120 158 2171 tuoso
206 2139 382 2188 genere
432 2136 609 2189 pugnae
649 2126 862 2190 equitum
916 2124 1217 2191 velitumque
1267 2126 1324 2175 &

80 2246 108 2284 4
130 2233 172 2272 Ῑη
187 2232 411 2287 obliquum]
429 2232 487 2272 Ira
503 2242 640 2275 utnon
698 2243 785 2273 erat
800 2265 810 2284 ,
833 2243 918 2274 tum
948 2236 1135 2275 omnibus
1158 2236 1208 2275 de
1229 2250 1327 2276 cau-

0 2324 1 2328 ,
22 2294 131 2348 aequa
150 2294 288 2334 fronte
320 2294 639 2347 procederetur,
695 2294 741 2334 fis
764 2326 774 2344 ,
796 2305 880 2335 tum
908 2297 1002 2336 ideo
1025 2299 1093 2336 vel
1118 2296 1290 2337 maxime
1309 2327 1324 2348 ‚

22 2355 86 2397 sed
126 2356 166 2395 in
208 2356 354 2395 lineam
399 2357 601 2410 obliquam
627 2387 638 2407 ,
695 2355 805 2411 quod
819 2358 1155 2398 turbaincondita
1177 2359 1327 2399 Balea-

21 2431 106 2471 quae
125 2419 174 2457 ab
197 2418 389 2457 extremis
408 2417 522 2458 daea
543 2431 641 2459 cor-
694 2419 798 2458 rium
831 2419 1092 2474 tironumque
1119 2420 1324 2472 Hispano·

22 2478 148 2536 nibus,
175 2477 337 2533 oblique
369 2480 568 2520 incideret
599 2481 640 2520 in
695 2495 782 2520 rum
841 2480 1030 2521 Romano
1090 2481 1323 2535 Latinoque

0 2540 1 2546 ’
22 2540 189 2580 mediam
208 2541 351 2581 aciem.
696 2541 813 2582 militi
842 2542 1001 2596 objeSta
1023 2552 1132 2591 erat,
1155 2542 1195 2582 ὃ(
1214 2540 1324 2596 quod

91 2615 109 2654 5
127 2602 181 2641 Et
195 2617 307 2655 quum
323 2601 372 2642 ab
388 2605 640 2658 omniparte]
697 2605 953 2659 procedente
980 2603 1062 2660 jam
1093 2604 1158 2646 die
1173 2636 1183 2649 .
1201 2632 1212 2646 .
1227 2630 1243 2650 .

26 2659 80 2712 Et
98 2663 400 2721 haudquaquam
418 2679 489 2722 par
508 2680 644 2724 pugna
