1649 3104
285 121 641 178 Liar-R
724 121 1018 182 XXIX.
1195 137 1312 206 537

18 213 128 268 ‘fuso
166 229 352 267 terrore
403 217 552 279 belli,
604 217 808 285 septimo
870 222 947 272 die
999 222 1143 292 quam
1200 205 1530 305 pro-3522&

15 282 170 336 'festus
206 300 335 347 erat,
366 303 587 354 magnam
626 290 727 338 vim
762 288 1046 352 hominum,
1078 293 1130 344 &
1169 311 1320 359 peco-
1360 295 1369 305 “
1416 294 1423 304 “
1488 274 1534 312 4’

8 354 125 414 vris,
161 353 213 404 &
252 357 408 402 omnis
447 356 633 422 generis
667 356 839 421 praedae
883 359 1074 408 trahens
1101 395 1114 417 ‚
1151 363 1199 409 in
1240 380 1321 411 ca-

22 420 118 472 stra
158 421 316 481 redit;
357 422 619 488 gravesque
663 427 837 472 iterum
878 425 1123 475 hostilibus
1160 428 1322 494 spoliis

24 505 173 539 naves
238 489 448 538 dimittit.
512 489 629 538 Inde
690 490 867 541 omissis
929 495 1321 560 expeditionibus

25 559 184 622 parvis
233 557 717 624 populationibusque
756 597 772 618 .,
832 560 891 608 ad
947 564 1322 629 oppugnandam

25 623 216 673 Uticam
246 642 416 673 omnes
442 625 557 674 belli
583 627 710 674 vires
747 631 1024 691 convertit3
1054 647 1157 678 eam
1186 631 1327 680 dein-

24 691 124 749 de,
171 690 205 739 fi
249 692 471 757 cepisset,
513 692 674 741 sedem
719 695 778 742 ad
820 711 978 745 cetera
1020 697 1325 765 exsequenda

10 757 289 809 habiturus.
321 758 472 808 Simul
509 761 560 810 &
591 779 617 808 a
652 761 785 810 classe
821 762 898 828 (8)
941 766 1135 814 navales
1173 766 1320 827 socii,
1372 778 1532 821 Uticam

27 844 122 893 qua
158 843 217 875 ex
248 841 382 893 parte
413 827 524 876 urbs
564 831 680 876 mari
711 830 898 878 alluitur
924 869 937 891 ‚
975 833 1109 882 simul
1138 835 1190 884 ὃς
1228 848 1321 883 τετ-
1342 857 1461 896 oppu-

27 892 184 942 restris
238 896 502 951 exercituS‚
551 896 609 945 ab
657 899 939 947 imminente
1000 918 1154 967 prope
1212 902 1322 969 ipsis
1347 916 1463 961 gnat.

21 957 269 1011 'moenibus
325 963 511 1011 tumulo
548 1001 562 1023 ‚
618 963 685 1013 cst
751 965 994 1017 admotus·
1052 968 1325 1021 Tormenta

26 1029 360 1096 machinasque
395 1033 446 1082 δὲ
485 1031 743 1081 advexerat
781 1032 938 1082 secum
965 1074 975 1092 ,
1015 1036 1067 1086 &
1106 1055 1163 1086 ex
1202 1036 1326 1088 Sici-

23 1096 86 1145 lia
118 1096 248 1146 miss'a
287 1116 396 1146 cum
437 1101 785 1148 commeatibus
824 1117 989 1164 erant,
1029 1106 1079 1153 δε
1114 1124 1242 1156 nova
1276 1109 1325 1156 in

26 1167 396 1214 armamentario
422 1203 435 1224 ‚
483 1166 644 1215 multis
684 1168 845 1217 talium
889 1188 1094 1236 operum
1136 1173 1325 1223 artifici-

24 1231 117 1280 bus
154 1234 213 1282 de
247 1232 471 1282 industria
509 1233 734 1294 inclusis,
783 1235 974 1287 fiebant.
1016 1239 1324 1292 Uticensibus

27 1301 159 1353 tanta
213 1302 423 1368 undique
477 1303 608 1351 mole
661 1304 967 1353 circumseffis
1023 1309 1070 1355 in
1119 1307 1324 1359 Cartha-

28 1367 226 1434 giniensi
267 1369 486 1435 popu10‚
538 1368 1004 1438 Carthaginiensibus
1058 1376 1107 1423 in
1155 1377 1328 1426 Asdru-

28 1435 138 1501 bale
167 1438 256 1494 ita,
287 1438 365 1504 (9)
399 1436 432 1485 fi
456 1439 492 1485 is
519 1439 740 1489 movisset
766 1438 1069 1507 Syphacem,
1097 1442 1202 1510 spes
1225 1464 1330 1494 om-

28 1506 103 1553 nis
132 1518 268 1553 erat:
303 1506 382 1553 sed
416 1504 648 1556 desiderio
683 1508 1000 1575 indigentium
1037 1514 1200 1561 auxilii
1229 1529 1325 1563 tar-

27 1572 135 1621 dius
172 1572 335 1621 cunc‘ia
373 1573 707 1624 movebantur.
747 1576 985 1626 Asdrubal
1020 1579 1325 1630 intentiffima
1383 1591 1535 1648 Asdru..

25 1640 378 1706 conquisitione
411 1659 557 1706 quum
591 1642 648 1690 ad
676 1644 869 1710 triginta
902 1645 1048 1694 millia
1076 1649 1447 1714 peditumffiilzs
1494 1661 1534 1701 6·

28 1710 119 1756 tria
154 1710 367 1776 equitum
407 1709 717 1770 confecisset,
758 1730 857 1760 non
893 1724 1051 1762 tamen
1093 1732 1202 1766 ante
1244 1713 1495 1771 acl-Sypha·

28 1790 230 1826 ventum
268 1775 503 1842 Syphacis
554 1776 698 1827 castra
741 1781 941 1846 propius
979 1781 1165 1832 hostem
1214 1802 1321 1834 mo·
1343 1781 1400 1816 ⁶2⁸
1463 1785 1533 1823 in-

27 1860 147 1893 vere
179 1843 245 1894 est
285 1844 438 1894 ausus.
472 1843 671 1911 Syphax
712 1865 819 1896 cum
854 1851 1191 1919 quinquaginta
1225 1853 1471 1912 mil-gentes

28 1910 152 1961 libus
220 1912 436 1977 peditum
460 1951 471 1969 ,
512 1916 709 1979 decem
762 1918 975 1983 equitum
1009 1956 1024 1978 ‚
1080 1920 1275 1969 advenit
1309 1915 1481 1970 :·⁶⁰1⁹¹‘⁸·

16 1977 374 2045 =confestimque
408 1981 550 2029 motis
577 1983 634 2030 ab
664 1980 951 2051 Carthagine
977 1984 1133 2036 castris
1155 2026 1168 2049 ,
1195 1989 1324 2038 haud

17 2047 198 2114 iprocul
238 2047 380 2096 Utica
416 2050 854 2118 munitionibusque
894 2051 1038 2102 Rom.
1090 2056 1318 2105 consedit.

17 2112 261 2179 *Quorum
304 2114 540 2164 adventus
574 2117 667 2166 hoc
703 2133 862 2168 tamen
907 2126 1142 2172 momenti
1171 2123 1320 2183 fecit,
1458 2173 1467 2182 ,
1501 2172 1509 2181 ,

31 2196 84 2231 ut
124 2181 325 2249 Scipio,
362 2200 508 2248 quum
550 2186 857 2253 quadraginta
902 2188 1058 2239 ferme
1102 2192 1203 2242 dies
1238 2211 1327 2241 ne-
1395 2172 1535 2225 Scipio

17 2251 287 2317 quicquam
322 2253 482 2298 omnia
517 2256 767 2317 experiens
798 2254 1053 2307 obsediffet
1086 2255 1280 2318 [team
1309 2299 1322 2320 ,
1343 2236 1488 2275 ἀφ’

19 2316 316 2367 ¹*abscederet
351 2319 460 2367 inde
498 2320 630 2369 irrito
668 2324 863 2390 incepto
895 2343 906 2375 ς
949 2325 1061 2393 (1)
1103 2329 1155 2377 ἃ
1195 2327 1322 2394 (jam
1343 2297 1412 2402 (ἐξ
1437 2295 1538 2344 ΠΨ.

97 2411 121 2451 8
144 2410 464 2469 Navalessbcii]
485 2412 645 2455 Classici
709 2416 907 2475 instabat)
921 2418 1041 2468 castra
1055 2451 1067 2467 ,
1081 2420 1184 2474 em]
1204 2422 1324 2463 Hunc

38 2471 205 2515 milites.
709 2492 857 2519 vocum
910 2481 1095 2521 ordinem
1160 2482 1326 2524 servant

99 2549 125 2590 9
145 2535 193 2574 Si
211 2537 275 2590 is]
295 2533 424 2576 Modo
443 2536 476 2576 is
496 2535 647 2591 Sypha·
710 2541 847 2594 plures
866 2540 906 2581 ὃ(
921 2543 1063 2595 optimi
1083 2544 1262 2587 codices.
1281 2545 1325 2585 In

22 2607 125 2638 ·cem
147 2596 365 2649 impulisset
401 2598 447 2637 ad
480 2600 648 2640 bellum.
712 2601 976 2655 sequentibus
1016 2617 1027 2644 τ
1080 2608 1186 2644 tenui
1226 2606 1326 2662 jugo

104 2670 120 2698 1
164 2657 218 2696 Et
259 2660 271 2710 (
280 2657 368 2709 jam
402 2661 501 2700 enim
531 2661 651 2704 hiems
714 2666 931 2707 continenti
947 2665 1154 2712 adhaercns.
1176 2667 1326 2710 Adhae-

109 2719 231 2768 Tom.
265 2718 352 2771 IV.
937 2754 941 2757 ,
1028 2723 1064 2774 p
