1649 3104
367 113 413 171 L
458 72 556 169 [ΑΒ
603 129 636 171 ε
679 130 719 170 R
802 108 1046 171 XXX.

61 212 189 263 inter
230 224 303 261 tot
349 212 607 270 homines,
648 210 817 276 quibus
864 228 963 259 non
1013 208 1172 273 lingua
1198 245 1210 266 ‚

65 299 176 330 mos
198 317 213 337 ,
250 298 348 329 non
383 280 490 338 lex,
525 297 623 327 non
659 296 787 326 arma
811 315 825 335 ‚
859 296 958 325 non
991 273 1187 324 vestitus
1220 274 1354 320 habi·

32 347 233 414 ‘tusque
259 386 271 405 ,
307 367 404 398 non
436 346 572 396 causa
615 346 847 395 militandi
879 345 1049 394 eadem
1085 341 1215 392 effer.
1246 341 1356 388 Au·-

63 416 308 464 xiliaribus
346 418 397 466 &
439 414 674 480 praesens,
716 415 767 463 δε
814 413 1129 479 multiplicata
1172 424 1360 458 merces

65 500 126 532 ex
170 485 330 548 praeda
363 482 640 532 ostentatur.
682 480 808 531 Galli
852 482 1051 548 proprio
1098 494 1240 544 atque
1279 478 1361 524 in-

65 550 157 599 sxto
202 553 250 598 in
291 551 539 600 Romanos
588 550 706 598 odio
742 550 1079 597 accenduntur.
1112 545 1368 611 Liguribus

66 621 223 684 campi
273 620 444 668 uberes
489 618 673 676 Italiae‚
720 616 934 665 deduffis
985 632 1043 664 ex
1097 612 1368 678 asperrimis

3 733 7 736 a
43 686 314 735 *montibus
337 723 352 746 ‚
384 688 433 734 in
470 685 601 751 spem
635 683 846 732 viffioriae
878 683 1185 734 ostentantur.
1222 679 1371 727 Mau-

68 772 150 802 ros
209 753 538 817 Numidasque
593 750 843 800 Mafinissae
899 749 1157 817 impotenti
1207 745 1373 795 futuro

67 822 315 871 dominatu
359 834 519 869 terret.
564 819 685 867 Aliis
731 820 831 867 aliae
869 817 973 884 spes
1009 836 1060 866 ac
1102 831 1258 865 metus
1296 811 1372 878 ja-

68 889 264 937 &antun
308 885 773 953 Carthaginienfibus
824 888 1001 935 moenia
1050 886 1213 952 patriae
1243 920 1257 942 ‚
1305 882 1372 929 dii

68 972 269 1022 penates
289 992 305 1014 ,
337 954 551 1021 sepulcra
583 953 822 1019 majorum
845 992 861 1012 ,
886 954 1024 1003 liberi
1055 969 1165 1000 cum
1199 967 1371 1018 paren-

67 1026 193 1072 tibus
221 1061 232 1083 ,
270 1022 499 1090 conjuges
536 1023 722 1088 pavidae
746 1061 760 1083 ‚
802 1036 879 1070 aut
918 1019 1179 1071 exscidium
1224 1018 1370 1066 servi·-

66 1094 283 1158 tiumque
310 1127 325 1148 ‚
355 1106 433 1139 aut
467 1093 722 1155 imperium
758 1087 907 1139 Orbis
944 1104 1176 1138 terrarum
1198 1124 1214 1145 ‚
1252 1084 1369 1133 nihii

68 1175 148 1208 aut
182 1161 229 1207 in
267 1173 451 1207 metum
475 1195 487 1216 ‚
522 1172 601 1206 aut
631 1161 678 1205 in
713 1157 844 1224 spem
877 1158 1128 1213 medium,
1158 1154 1369 1203 ostenta-

0 1245 35 1285 ρ
67 1243 160 1275 tur.
197 1225 368 1290 Quum
400 1226 606 1274 maxime
641 1226 742 1274 haec
782 1228 1043 1291 imperator
1077 1223 1204 1288 apud
1241 1220 1367 1269 Car-

67 1292 417 1360 thaginienses,
449 1292 544 1359 (2)
573 1294 720 1343 duces
762 1291 947 1341 suarum
994 1294 1204 1359 gentium
1245 1291 1369 1337 inter

64 1362 623 1431 populares‚'plerique
671 1378 757 1428 per
798 1363 1082 1426 interpretes
1121 1360 1242 1406 inter
1275 1359 1370 1405 im-

69 1431 248 1479 mixtos
297 1430 608 1496 alienigenis,
648 1443 882 1495 agerent,
920 1427 1047 1476 tubae
1093 1441 1372 1491 cornuaque

4 1541 8 1546 .
69 1498 129 1546 ab
160 1498 393 1547 Romanis
434 1499 748 1557 cecinerunt3
783 1495 1031 1562 tantusque
1070 1495 1251 1542 clamor
1290 1510 1374 1541 or-

1 1583 4 1586 *
65 1579 142 1614 tus
163 1604 177 1624 ,
206 1579 257 1613 ut
283 1565 522 1631 elephanti
558 1568 605 1613 in
636 1564 742 1613 suos
764 1601 781 1622 ,
813 1563 996 1612 sinistro
1030 1563 1239 1611 maxime
1263 1579 1375 1610 cor·-

65 1651 166 1693 nu,
215 1647 521 1682 verterentur
546 1671 559 1689 ,
598 1632 796 1681 Mauros
833 1651 885 1681 ac
924 1631 1173 1680 Numidas·
1211 1629 1374 1678 Addi-

69 1703 139 1750 dit
173 1699 308 1750 facile
355 1699 593 1750 Masinissa
635 1699 860 1766 perculsis
905 1714 1137 1748 terrorem
1167 1734 1181 1756 ‚
1217 1698 1374 1745 nuda·-

66 1772 235 1835 vitque
264 1770 321 1816 ab
359 1787 414 1817 ea
450 1784 584 1834 parte
616 1771 769 1817 aciem
803 1766 1005 1835 equestri
1033 1768 1227 1814 auxilio.
1254 1765 1377 1814 Pau-

31 1842 135 1886 *cae
166 1852 324 1884 tamen
357 1836 609 1885 bestiarum
641 1837 892 1902 intrepidae
924 1837 972 1882 in
1003 1834 1193 1883 hostem
1219 1833 1332 1881 aciae
1353 1870 1373 1892 ‚

51 1906 190 1954 vinter
224 1905 429 1953 velitum
465 1905 660 1953 ordines
692 1922 800 1953 cum
833 1904 995 1952 multis
1031 1902 1123 1950 suis
1158 1902 1375 1952 vulneri-

26 2018 31 2027 s
63 1973 152 2021 bus
183 1974 426 2039 ingentem
455 1971 658 2038 stragem
691 1972 926 2021 edebant:
949 1969 1210 2019 resilientes
1243 1971 1374 2017 enim

61 2041 122 2090 ad
168 2041 437 2105 manipulos
472 2041 644 2088 velites
670 2078 683 2097 ‚
718 2058 864 2107 quum
901 2042 1024 2088 viam
1067 2038 1333 2104 elephantis
1356 2073 1376 2093 ,

66 2125 126 2158 ne
159 2109 495 2158 obtererentur
516 2146 529 2165 ,
566 2106 778 2157 fecissent
801 2145 816 2169 ,
847 2107 939 2175 (3)
968 2109 1017 2154 in
1050 2108 1280 2172 ancipites
1308 2106 1373 2154 ad

1239 123 1355 184 397

1257 223 1356 253 non
1369 197 1454 238 U.C.
1467 204 1481 241 5
1495 194 1564 243 5⁶00

1365 252 1562 296 meam,

127 2230 153 2260 2
186 2216 492 2270 Ducesficmm
509 2222 682 2275 gentium

63 2281 162 2320 inter
199 2279 406 2335 populares
437 2283 454 2335 ]
490 2281 681 2337 Intellige

63 2341 348 2395 duces-sicarum
367 2356 569 2397 quemque
588 2358 682 2399 gerz-

60 2406 159 2442 tium
177 2435 188 2454 ,
217 2404 393 2444 Mauros
415 2404 656 2445 Maurorum
671 2437 682 2456 ‚

63 2465 267 2519 Hispanos
283 2465 556 2519 Hispanorum
572 2500 582 2518 ‚
597 2466 679 2508 δίε.

59 2541 149 2581 quae
183 2528 381 2567 cohortes
405 2558 415 2577 ,
448 2528 642 2582 manipuli
670 2560 682 2579 ‚

61 2589 250 2643 legiones
270 2620 282 2638 ,
309 2603 429 2642 quum
447 2604 529 2629 non
556 2589 681 2630 fince-

61 2663 117 2692 1ae
136 2651 302 2694 omnino
324 2651 452 2693 effent
466 2684 479 2705 ,
504 2652 572 2695 sed
588 2666 679 2709 per·

746 2220 884 2261 mixtae
911 2218 1021 2259 varia
1052 2218 1262 2260 nationum
1282 2217 1372 2257 col‹

747 2283 857 2323 luvie
878 2314 889 2333 ,
923 2281 1048 2322 duces
1084 2281 1143 2320 illi
1178 2279 1368 2334 plerique

745 2344 833 2384 hae‘c
851 2357 939 2398 quae
968 2343 1162 2383 dicebant
1180 2373 1190 2392 ‚
1213 2355 1287 2395 per
1303 2343 1369 2380 in·-

746 2415 956 2460 terpretes
995 2418 1120 2459 agere
1158 2403 1371 2458 cogebam-

745 2477 826 2507 tur.
853 2468 1023 2520 Vulgati
1055 2464 1207 2506 habent
1232 2463 1370 2518 plera-

746 2544 815 2584 que
831 2544 901 2582 per
920 2532 1157 2582 interpretes.

808 2604 826 2644 3
861 2589 909 2628 In
931 2592 1125 2643 ancipites
1149 2590 1203 2627 ad
1218 2587 1330 2627 ic‘lum
1349 2587 1369 2642 ]

743 2653 792 2696 In
809 2651 1055 2708 elephantos
1073 2651 1276 2707 utrimque
1294 2662 1372 2700 ex}
