1649 3104
301 126 657 183 LIBER
739 124 1090 202 XXVII,
1234 143 1344 200 177

45 221 229 288 majores
269 220 630 290 instruHiorefiJue
674 220 804 285 qucim
844 222 893 285 st
935 219 1152 269 adversus
1204 220 1345 287 ipsum
1364 219 1553 285 (lp-545·

48 292 318 343 Annibalem
361 293 468 346 iret,
499 287 718 355 pro-{eblus
737 291 832 353 sit,
878 288 926 334 εὸ
967 288 1087 353 ipsos
1113 305 1345 354 quantum·
1361 277 1556 328 ²¹·(⁴·207·

50 377 228 424 cumque
269 360 429 406 virium
478 372 735 406 momentum
783 357 1069 414 addiderint,
1121 375 1207 404 rem
1257 375 1348 405 om-

46 446 147 487 nem
194 426 496 474 inclinaturos.
532 424 642 491 (6)
696 426 916 473 Auditum
970 423 1099 471 modo
1153 424 1199 471 in
1252 427 1349 472 acie

55 493 197 562 (nam
213 530 229 552 ,
261 513 312 541 ne
349 494 449 542 ante*
493 495 745 549 audiretur,
779 494 979 540 daturum
1022 490 1236 557 operam)
1282 492 1352 538 al-

55 577 190 611 terum
238 561 453 626 consulem
474 597 490 618 ,
540 560 584 607 ὃ·
636 560 819 607 alterum
869 560 1103 607 exercitum
1144 558 1352 624 advenis»

42 629 100 696 se
128 666 143 686 ,
193 631 316 677 haud
361 630 537 676 dubiam
601 629 825 675 vifloriam
872 625 1103 692 faHurum.
1163 628 1350 676 Famam

57 697 214 746 bellum
259 698 500 761 conficere,
534 693 578 741 ὅ»
602 713 750 759 parva
786 700 999 743 momenta
1032 697 1078 743 in
1106 693 1230 760 spem
1263 713 1354 743 me-

57 780 228 830 tumque
275 763 491 830 impellere
537 765 722 810 animos.
787 763 954 812 Gloriae
996 765 1166 828 quidem
1211 780 1267 810 ex
1308 781 1353 810 re

56 835 159 882 bene
191 834 309 899 gesta
341 846 483 898 partae
501 828 689 895 frustum
710 848 848 896 prope
881 849 1044 879 omnem
1077 829 1198 897 ipsos
1231 831 1359 878 latu-

58 919 142 950 ros.
181 904 359 966 Semper
390 901 508 965 quod
529 900 788 964 postremum
818 897 1026 964 adjeelum
1051 901 1149 964 fit,
1187 900 1238 947 id
1265 917 1354 947 rem

57 983 196 1017 totam
232 969 373 1016 videri
408 965 599 1030 traxiſje.
647 969 820 1016 Cernere
854 967 974 1032 ipsos
984 1003 1003 1025 ,
1044 984 1128 1033 quo
1175 984 1357 1016 concur-

51 1035 140 1102 su,
176 1035 265 1101 qud
311 1036 632 1090 admiratione,
677 1052 761 1099 quo
798 1032 959 1099 favore
995 1036 1214 1083 hominum
1272 1036 1355 1084 iter

57 1105 186 1170 filum
223 1103 466 1151 celebretur.
495 1101 555 1150 Et
574 1138 589 1161 ,
619 1101 812 1150 hercule
839 1140 851 1160 ‚
878 1120 962 1169 per
993 1103 1213 1152 instruRa
1245 1121 1359 1151 om-

63 1175 142 1221 nia
182 1172 429 1221 ordinibus
483 1171 698 1218 virorum
745 1171 1095 1238 mulierumque
1143 1172 1361 1238 undique

62 1258 120 1290 ex
160 1241 280 1306 agris
317 1237 606 1297 effusorum,
647 1240 768 1286 inter
816 1254 933 1288 vota
987 1258 1039 1287 ac
1086 1257 1254 1304 preces
1305 1241 1358 1289 &

60 1307 225 1356 laudes
252 1306 415 1355 ibant:
448 1306 553 1354 illos
584 1305 797 1371 praefidia
832 1309 949 1372 reip.
982 1308 1199 1357 vindices
1232 1307 1361 1359 urbis

59 1375 233 1425 Romae
265 1376 546 1441 imperiique
583 1374 918 1441 appellabant:
955 1377 1003 1423 in
1043 1375 1239 1424 illorum
1283 1393 1359 1423 ar-

63 1446 153 1493 mis
181 1443 448 1510 dextrisque
469 1442 599 1490 suam
631 1444 992 1509 liberorumque
1021 1443 1211 1493 suorum
1235 1442 1363 1491 salu-

65 1525 166 1561 tem
196 1529 249 1560 ac
280 1512 549 1560 libertatem
579 1510 836 1578 repositam
872 1510 979 1560 effe.
1014 1509 1154 1560 Deos
1190 1528 1364 1561 ornnes

63 1579 266 1645 deasque
298 1579 647 1644 precabantur,
694 1593 747 1627 ut
791 1579 881 1627 illis
914 1579 1119 1628 faustum
1165 1581 1254 1628 iter
1290 1578 1364 1628 fe-

61 1647 222 1714 lixque
252 1665 408 1714 pugna
432 1685 444 1705 ‚
472 1663 655 1695 matura
678 1665 735 1695 ex
758 1646 971 1696 hostibus
995 1647 1192 1697 vffiloria
1217 1647 1360 1697 esset:

63 1714 144 1782 (7)
188 1715 616 1781 damnarenturque
663 1715 750 1781 ipfi
804 1730 1073 1773 votorum,
1118 1734 1224 1782 quae
1269 1733 1361 1782 pro

68 1786 124 1832 iis
142 1782 436 1848 suscepissent
458 1799 541 1841 ,ut
558 1821 570 1842 ,
591 1784 1003 1850 quemadmodum
1029 1803 1152 1831 nunc
1175 1784 1363 1832 solliciti
1421 1800 1424 1802 ·

62 1849 468 1920 prosequeremur
511 1868 595 1899 eos
617 1889 627 1906 ‚
683 1853 746 1899 ita
780 1870 959 1918 paucos
995 1851 1101 1917 post
1138 1853 1241 1900 dies
1271 1852 1365 1899 laexi

62 1919 321 1970 ovantibus
351 1918 551 1970 victoria
582 1919 781 1969 obviem
818 1922 957 1970 irent.
1002 1919 1210 1969 Invitare
1249 1920 1365 1970 inde

126 2044 153 2086 6
179 2045 365 2084 Auditum
377 2044 489 2084 modo
509 2046 549 2083 in
568 2044 678 2098 acie]
808 2059 832 2097 7
845 2044 1209 2099 Damnarenturque
1221 2043 1369 2099 ipsim-

66 2106 187 2148 Haud
223 2106 383 2145 dubiam
418 2106 509 2145 fore
550 2106 682 2146 νίξὶο-
702 2151 707 2156 ,
746 2108 898 2146 torum]
918 2107 977 2147 Ut
990 2106 1151 2153 necesse
1168 2108 1370 2147 haberent

67 2169 168 2209 riam
199 2180 250 2208 eo
271 2167 358 2221 ipso
374 2199 385 2219 ,
407 2165 516 2222 quod
536 2168 576 2207 in
596 2169 683 2208 acie
747 2169 987 2222 persolvere
1012 2179 1110 2210 vota
1127 2201 1138 2221 ,
1171 2183 1260 2224 quae
1292 2183 1369 2222 pro

66 2228 323 2270 solummodo
353 2259 363 2278 ,
420 2243 502 2268 non
549 2227 641 2269 ante
671 2260 682 2280 ,
748 2230 795 2269 iis
817 2229 1104 2284 suscepissent,
1124 2232 1197 2271 diis
1215 2231 1372 2271 scilicet

68 2291 237 2331 nuncius
252 2291 300 2330 ad
313 2290 446 2330 hostes
464 2301 686 2344 perventu·
749 2292 787 2331 id
822 2293 1097 2333 tribuentibus
1117 2324 1128 2343 ,
1159 2294 1269 2347 quod
1297 2305 1372 2345 per

67 2366 136 2394 rus
159 2351 262 2393 effet
276 2352 398 2391 additi
414 2352 460 2392 ad
477 2353 584 2392 vires
604 2352 685 2393 Ro·
748 2353 818 2393 illa
834 2364 931 2394 vota
946 2353 1017 2408 ipfi
1035 2354 1082 2394 ab
1099 2355 1147 2394 iis
1167 2353 1372 2407 exposce-

67 2428 204 2454 manas
239 2413 405 2453 alterius
440 2414 615 2454 consulis
645 2414 687 2455 ὅ(
749 2425 857 2456 rent.
884 2417 998 2457 Vota
1022 2426 1158 2456 autern
1186 2417 1253 2455 illa
1276 2429 1374 2457 mox

66 2476 238 2517 alterius
257 2474 477 2515 exercitiis.
491 2475 550 2514 Ex
569 2476 688 2528 parti·
750 2478 1015 2517 continentur
1044 2479 1105 2517 his
1137 2478 1275 2519 verbis
1290 2509 1301 2530 ,
1331 2488 1375 2518 ut

65 2537 174 2591 cipio
208 2538 384 2576 anditum
416 2538 567 2590 pendet
596 2545 686 2577 tota
749 2540 1069 2592 quemadmodum
1084 2568 1119 2580 ..
1135 2570 1148 2582 .

69 2599 203 2640 oratio
218 2629 230 2646 ,
247 2598 386 2638 eudem
402 2597 517 2651 plane
531 2598 660 2638 forma
673 2631 683 2650 ‚

71 2673 188 2716 quam
215 2659 472 2715 exposuimus
492 2662 539 2702 ad
559 2674 593 2701 c.
618 2674 688 2717 37.
703 2658 837 2715 supra.

1064 2719 1187 2782 Hv:
