1649 3104
266 113 624 176 LIBER
709 114 1046 174 XXVII.
1196 132 1309 190 117

22 215 115 268 :ent
146 234 160 279 ;
191 212 332 286 atque
381 234 438 266 ex
482 217 572 275 iis,
618 216 696 280 qui
747 214 984 279 principio
1043 209 1142 275 ejus
1191 210 1514 275 belim-4543-

23 285 348 352 epteiiidecim
399 302 548 332 annos
591 285 687 330 nati
727 281 946 339 fuerant,
982 296 1139 345 neque
1184 282 1307 327 mili·
1325 267 1514 318 2¹·(⁴·209·

22 370 223 403 :averant
245 392 258 413 ,
288 370 456 402 omnes
494 349 570 418 (3)
604 351 791 398 aerarios
825 347 1058 396 fecerunt.
1091 346 1308 394 Locave-

22 435 118 470 ·unt
162 422 274 469 inde
322 420 582 470 reficienda
628 435 734 485 quae
765 417 891 464 circa
939 414 1100 462 forum
1135 416 1304 461 incen-

23 489 90 537 lio
128 489 410 554 consumpta
446 501 578 535 erant
604 522 620 542 ‚
672 484 854 551 septem
902 482 1118 531 tabernas
1143 518 1157 542 ‚
1204 498 1307 529 ma—

23 557 185 606 :ellum
209 596 221 612 ,
255 555 334 623 (4)
368 557 535 603 atrium
569 553 768 618 regium.

77 623 188 673 XII.
210 622 474 672 Transaelis
511 621 764 678 omnibus,
784 636 888 684 quae
918 617 1090 666 Romae
1121 613 1307 682 agenda

23 707 180 751 erant,
211 690 426 740 consules
459 690 518 736 ad
544 689 726 735 bellum
767 685 983 751 profeffl.
1023 686 1154 734 Prior
1188 684 1307 732 Ful-

23 762 115 808 rius
141 757 412 825 praegressus
443 755 672 821 Capuam.
709 753 814 801 Post
841 771 1018 818 paucos
1054 753 1154 800 dies
1188 769 1306 799 con·

23 826 196 879 secutus
216 818 421 884 Fabiu33
448 826 527 889 qui
565 825 616 872 ὅ(
647 822 881 887 collegam
917 839 1077 869 coram
1100 818 1310 868 obtesta-

23 912 119 952 :u5,
151 896 202 943 &
228 911 312 960 per
350 893 524 940 litteras
555 889 839 938 Marcellum
859 927 871 944 ,
908 904 958 937 ut
990 893 1131 954 quam
1174 905 1308 935 acer·

23 965 136 1010 imo
163 962 294 1010 bello
326 962 559 1008 detineret
594 957 910 1012 Annibalem,
946 957 1061 1004 dum
1096 954 1194 1022 ipse
1212 953 1312 1003 Ta-

23 1044 198 1077 ·enturn
227 1042 556 1095 oppugnaret,
588 1025 607 1089 (
630 1027 682 1073 ed
708 1026 810 1072 urbe
835 1025 1043 1089 adempta*
1070 1025 1182 1089 hosti
1201 1021 1305 1089 jam
1371 1031 1519 1073 Fabius

24 1100 208 1162 tndique
232 1096 396 1161 pulfh,
427 1113 507 1143 nec
541 1095 619 1141 ubi
653 1094 890 1157 consisteret
910 1130 924 1152 ,
960 1091 1036 1157 (5)
1072 1109 1150 1141 nec
1196 1093 1460 1156 quidstatuit

23 1166 149 1212 'idum
195 1164 416 1230 respiceret
458 1162 674 1216 habenti,
730 1181 782 1210 ne
831 1162 1080 1207 remorandi
1128 1162 1303 1224 quidem
1328 1154 1473 1196 Taren-

23 1232 194 1295 :ausam
224 1235 270 1281 in
297 1232 440 1280 Italia
460 1227 599 1294 flore)
639 1228 877 1294 Rhegium
905 1230 1049 1275 etiam
1081 1230 1301 1275 nuncium
1323 1230 1402 1257 tum
1444 1233 1520 1271 op-

0 1300 160 1358 ¹mittit
186 1301 245 1349 ad
272 1296 544 1366 praefee'tum
576 1294 811 1362 praesidii,
846 1295 977 1363 quod
1011 1295 1069 1343 ab
1106 1295 1305 1343 Laevino
1322 1293 1508 1336 pugnare,

21 1366 204 1416 :onsule
246 1368 473 1414 adversus
530 1363 739 1412 Bruttios
783 1363 848 1411 ibi
903 1364 1115 1411 locatum
1166 1377 1266 1410 erat
1294 1399 1310 1421 ‚

21 1434 94 1501 (6)
117 1434 225 1483 οξὶο
259 1434 404 1482 millia
426 1434 676 1482 hominum
695 1468 709 1490 ‚
736 1449 841 1498 pars
861 1433 1067 1478 maxima
1091 1430 1148 1477 ab
1172 1429 1310 1496 Aga-

20 1503 224 1567 thyrna,
257 1501 372 1550 ficut
409 1515 546 1549 antea
573 1499 747 1548 distum
785 1498 885 1556 est,
925 1517 984 1546 ex
1023 1498 1182 1546 Sicilia
1212 1513 1311 1546 tra-

19 1569 181 1628 du&a‚
212 1586 347 1635 rapto
379 1570 546 1617 vivere
579 1568 829 1616 hominum
863 1564 1153 1615 assuetorum
1182 1584 1192 1614 :
1227 1564 1315 1614 ad·

19 1638 101 1686 diti
143 1653 273 1685 erant
304 1637 597 1685 Bruttiorum
627 1634 703 1701 (7)
738 1634 952 1682 indidem
992 1632 1232 1700 perfugae,
1261 1634 1315 1683 &

18 1705 213 1754 audaci&⁴
247 1705 299 1754 &
338 1705 542 1752 audendi
582 1704 744 1751 omnia
775 1700 1124 1750 neceffitatibus
1158 1718 1317 1767 pares.

18 1772 154 1822 Hanc
197 1789 389 1820 manum
422 1772 480 1818 ad
505 1771 741 1819 Bruttium
779 1771 987 1835 primum
1021 1786 1186 1834 agrum
1228 1769 1317 1816 de-

17 1841 343 1908 populandum
394 1840 502 1886 duci
554 1836 717 1902 justit,
762 1837 873 1884 inde
926 1837 986 1884 ad
1028 1835 1316 1885 Cauloniam

17 1909 183 1957 urbem
236 1907 625 1972 oppugnandam.
684 1904 925 1971 Imperata
969 1922 1069 1953 non
1110 1905 1315 1970 impigre

17 1975 202 2034 solum,
238 1975 320 2023 sed
353 1978 497 2023 etiam
527 1973 670 2023 avide
709 1973 957 2034 exsecuti,
1004 1973 1202 2039 direptis
1240 1971 1318 2022 fu-

81 2118 101 2161 3
153 2106 333 2146 AErarz'os
382 2104 559 2157 fecerunt
610 2106 627 2159 ]
692 2118 805 2159 rapto
824 2107 949 2145 vivere
969 2104 1166 2144 hominum
1191 2102 1316 2158 affue-

16 2168 129 2222 Quid
148 2167 192 2207 sit
207 2167 542 2220 aerariumfizcere,
563 2181 631 2207 ex-
693 2169 845 2222 torum]
878 2166 1080 2207 Posterius
1117 2167 1218 2206 illud
1245 2167 1314 2204 lio-

15 2230 221 2285 posuimus
244 2230 312 2270 lib.
336 2229 407 2269 lV.
432 2243 467 2268 c.
487 2243 557 2279 24.
693 2232 836 2267 minum
856 2238 997 2279 vacat,
1015 2242 1061 2268 ac
1094 2228 1309 2268 delendum

76 2305 105 2341 4
128 2293 281 2329 Atrium
311 2292 483 2345 regium]
520 2289 628 2331 Vide
691 2290 870 2330 videtur.

15 2352 45 2394 l.
73 2351 231 2393 XXVI.
260 2367 293 2391 c.
324 2363 395 2401 27.
757 2365 781 2403 7
800 2350 1008 2404 Indidem]
1041 2350 1193 2390 Exhac
1224 2348 1310 2402 ipsa

83 2428 102 2466 ς
120 2413 209 2451 Nec
223 2413 445 2466 quidfidum
469 2411 630 2465 respc'ce·
695 2413 867 2468 regione
883 2445 893 2463 ‚
919 2413 959 2452 in
996 2427 1071 2465 qua
1110 2411 1314 2464 Rhegium

18 2485 73 2516 ret
108 2473 293 2523 habenti}
332 2475 421 2513 Nec
455 2472 573 2512 fidum
612 2488 635 2513 a
700 2485 800 2514 erat.
838 2475 996 2526 Nempe
1028 2472 1228 2525 Rhegium
1261 2470 1313 2510 fi-

20 2531 138 2590 t'ergo
179 2545 361 2574 tutumve
405 2535 634 2589 perfugium
697 2546 783 2576 tum
815 2545 903 2578 erat
932 2537 973 2578 in
1005 2548 1103 2591 agro
1130 2529 1317 2583 Bruttio&

15 2597 185 2643 habenti
202 2627 214 2643 ,
232 2594 312 2651 quo
336 2597 375 2636 se
395 2598 617 2649 reciperet.
697 2612 807 2644 rum.

83 2658 110 2702 6
131 2655 224 2699 0ᾶο
239 2657 370 2699 millia
386 2658 633 2702 hominum...
