1649 3104
260 123 336 181 30
699 104 771 161 T.
857 107 901 163 L
946 122 966 163 1
1011 121 1056 161 v
1100 123 1122 163 1
1167 124 1189 164 1

49 186 511 250 U.c.541‚bucciuam
535 183 708 251 praestb
731 185 890 237 effent.
911 185 1040 236 Curn
1070 187 1163 238 hoc
1192 189 1404 256 equitatu
1425 188 1568 239 rto-&e

45 253 239 299 a.C.211.
256 253 482 302 Teanum
511 252 754 318 profectus
773 292 786 313 ‚
809 256 962 321 prima
986 256 1092 304 luce
1118 273 1308 322 portam
1336 261 1530 306 intravit
1549 294 1571 319 ,

256 337 401 389 atque
429 323 475 370 in
505 321 665 370 forum
706 327 914 388 perrexit
944 343 956 384 3
991 325 1323 392 concursuque
1370 328 1429 373 ad
1473 327 1568 391 pri-

256 407 393 440 mum
432 391 651 457 equitum
690 392 947 455 ingrestum
975 391 1132 453 fatto,
1154 393 1479 461 magistratum
1502 393 1573 443 Si-

254 460 473 508 dicinum
509 461 641 508 citari
668 456 825 522 juffit,
859 462 1218 529 imperavitque
1254 477 1305 511 ut
1333 463 1575 528 produce-

254 542 330 577 ret
360 526 674 592 Campanos,
705 546 825 593 quos
860 531 908 576 in
947 528 1162 578 custodia
1193 531 1408 579 haberet.
1452 530 1572 579 Pro-

255 595 385 644 duffl
417 613 587 644 omnes
610 635 625 654 ,
652 595 890 663 virgisque
918 596 1020 646 caefi
1041 635 1054 657 ‚
1086 617 1138 647 ac
1172 598 1323 648 securi
1347 597 1567 664 percuffi.

255 664 378 713 Inde
416 666 559 713 citato
596 682 723 730 equo
751 663 894 715 Cales
930 669 1162 731 percurrit
1191 687 1202 718 :
1232 668 1312 716 ubi
1343 685 1490 735 quum
1523 669 1577 716 iu

256 733 483 781 tribunali
510 731 819 791 consedisset,
855 735 1170 802 productique
1205 735 1445 802 Campani
1482 735 1576 784 de-

256 802 519 868 ligarentur
541 802 601 850 ad
642 802 802 867 palum
828 841 845 861 ,
881 821 1027 870 eques
1057 807 1176 853 citus
1213 805 1271 853 ab
1303 805 1461 854 Roma
1483 821 1576 852 ve-

255 873 328 918 nit
349 908 363 931 ,
396 869 670 936 litterasque
708 889 731 918 a
764 869 822 919 C.
858 870 1126 937 Calpurnio
1152 888 1364 940 >praetore
1394 873 1577 922 Fulvio

256 939 315 986 &
363 937 819 987 senatusconsultum
857 941 1092 990 tradidit:
1129 960 1344 990 murmur
1397 941 1455 989 ab
1494 942 1578 989 tri·-

255 1006 420 1055 bunali
456 1020 610 1055 totam
639 1009 930 1057 concio-nem
970 1009 1207 1075 pervasit,
1243 1009 1424 1059 differri
1466 1026 1575 1058 rem

256 1074 497 1141 integram
541 1077 602 1124 ad
634 1075 798 1125 Patres
844 1078 903 1127 de
942 1077 1246 1146 Campanis:
1286 1080 1339 1128 &
1374 1078 1576 1127 Fulvius

255 1142 307 1191 'id
337 1144 402 1192 ita
446 1142 540 1193 esse
573 1160 697 1194 ratus
718 1183 732 1204 ‚
763 1145 843 1213 (8)
883 1163 1102 1214 acceptas
1141 1147 1321 1195 litteras
1353 1185 1365 1204 ‚
1410 1164 1579 1213 neque

256 1210 523 1272 resolutas,
553 1231 703 1281 quum
731 1215 778 1262 in
816 1217 1002 1282 gremio
1025 1214 1324 1282 reposuisset,
1359 1216 1577 1280 praeconi-

258 1281 519 1348 {rnperavit
542 1320 555 1343 ‚
596 1298 647 1331 ut
679 1281 897 1332 lictorem
936 1284 1015 1350 (9)
1051 1285 1157 1352 lege
1194 1301 1334 1351 agere
1365 1282 1580 1346 juberet..

260 1348 334 1398 lta
370 1350 430 1399 de
465 1352 522 1398 iis
557 1369 753 1418 quoque
790 1355 871 1418 qui
904 1351 1103 1403 Calibus
1135 1368 1298 1410 erant,
1331 1352 1581 1419 sumptum

263 1418 564 1485 supplicium.
599 1419 733 1468 Tum
764 1421 934 1470 litterae
971 1421 1105 1470 lectae
1142 1419 1422 1489 senatusque
1462 1439 1583 1469 con-

262 1486 481 1547 sultum,
512 1487 671 1537 serum
705 1488 766 1537 ad
809 1491 1171 1556 impediendam
1213 1507 1317 1538 rem
1369 1489 1522 1545 aelam
1563 1506 1580 1549 ;

265 1574 373 1625 quae
407 1556 593 1606 summa
624 1575 720 1624 ope
743 1574 1062 1625 approperata
1092 1573 1225 1617 erat,
1257 1575 1317 1606 ne
1351 1557 1585 1624 impediri-

86 1630 250 1673 sabellii
265 1624 436 1692 posset.
470 1624 862 1694 Consurgentem
895 1625 992 1693 jam
1029 1626 1254 1676 Fulvium
1288 1625 1482 1676 Taurea
1503 1626 1591 1677 Ju-

42 1707 173 1740 mors,
262 1695 437 1746 bessius
473 1693 755 1763 Campanus
777 1735 787 1753 ‚
824 1715 911 1764 per
947 1697 1159 1746 mediam
1186 1695 1371 1745 vadens
1405 1695 1583 1746 urbem

261 1765 584 1833 turbamque,
619 1767 817 1814 nornine
850 1765 1125 1815 inclamavit
1153 1783 1167 1827 ;
1204 1764 1257 1814 &
1294 1782 1445 1831 quum
1487 1767 1591 1814 mi·—

263 1833 508 1883 rabundus
542 1834 774 1901 quidnam
805 1832 902 1884 sese
939 1835 1125 1897 vellet,
1163 1831 1409 1883 resediss’et
1447 1833 1584 1884 Flac-

267 1922 351 1953 cus
372 1941 386 1962 ,
415 1906 498 1952 Με
532 1922 733 1969 quoque,
765 1904 951 1972 inquit,
979 1902 1090 1971 jube
1114 1903 1292 1962 occidi,
1320 1916 1370 1952 uc
1393 1904 1586 1970 gloriari·

256 1972 397 2040 poffis
421 2009 436 2032 ‚
472 1973 612 2021 mult&
633 1970 866 2037 fbrtiorem
887 2010 900 2033 ‚
934 1975 1068 2037 qucirn
1094 1972 1184 2039 ipsi
1216 1991 1261 2019 es
1281 2009 1293 2028 ,
1323 1973 1470 2020 virum
1496 1975 1582 2022 abs

265 2055 308 2091 te
334 2040 528 2106 occifitm
570 2038 664 2104 effi.
695 2041 871 2105 Quum·
910 2042 1106 2091 Flaccus
1154 2054 1354 2107 negaret
1385 2040 1580 2106 profeci&

253 2109 380 2176 satis
412 2127 659 2176 compotem
693 2112 852 2160 mentis
877 2108 989 2174 effe,
1019 2110 1172 2160 modb
1200 2109 1424 2175 prohiberi
1443 2112 1585 2159 etiam-

255 2178 342 2246 βε,
367 2180 414 2243 fi
445 2181 495 2227 id
533 2180 699 2239 vellet,
723 2178 1116 2245 senatusconsulto
1150 2216 1165 2238 ‚
1207 2178 1391 2227 diceret
1419 2179 1452 2237 ς’
1475 2193 1582 2228 tum

268 2246 502 2298 Jubellius
523 2286 535 2307 ,
575 2251 958 2315 Quandoquidem
979 2288 994 2308 ,
1017 2250 1174 2316 inquit
1190 2284 1203 2306 ,
1235 2248 1374 2312 caprei
1388 2250 1547 2314 patria*
1565 2285 1582 2308 ,

262 2319 538 2384 propinquis
559 2316 803 2383 amicisque
826 2318 991 2383 amzffi's
1010 2357 1023 2379 ,
1046 2337 1183 2385 quum
1209 2315 1298 2382 ipse
1322 2334 1461 2366 manu
1484 2319 1584 2366 meri

268 2384 502 2453 conjugem
546 2386 788 2452 liberosque
827 2385 1113 2453 interfecerim
1133 2425 1147 2449 ,
1182 2405 1237 2435 ne
1269 2388 1384 2451 quid
1408 2387 1586 2454 indigni

333 2481 361 2521 8
381 2479 579 2534 Ace-eptas
608 2480 761 2521 litteras
783 2512 793 2531 ,
822 2495 897 2521 ne«
1022 2495 1047 2536 9
1062 2479 1162 2536 Lege
1178 2496 1303 2537 agere.
1324 2482 1387 2522 Ex
1404 2483 1498 2539 Iege
1522 2483 1588 2523 of-

269 2556 341 2598 que
357 2541 576 2596 resblutas]
601 2542 788 2584 Vinculis
804 2541 896 2597 qui-
959 2541 1042 2583 ficii
1080 2543 1138 2583 sui
1177 2543 1218 2583 in
1249 2545 1459 2587 damnatos
1493 2545 1584 2590 ani<

269 2605 436 2644 busdam
469 2606 618 2645 litterae
654 2606 760 2660 apud
787 2606 895 2647 anti·
960 2606 1242 2649 madverteret

271 2681 376 2723 quos
398 2667 682 2711 nestebantur.
