1649 3104
279 89 328 148 L
371 104 392 146 1
434 105 472 148 Β
517 105 554 146 E
596 104 637 148 R
720 90 1063 153 XXVIII:
1211 114 1315 174 191

16 183 225 238 militem
245 222 258 245 ,
289 186 343 235 &
372 185 530 234 cibum
562 203 733 252 capere
779 186 947 251 jubet:
981 190 1172 240 interim
1215 193 1322 259 spe-

26 254 262 304 culatores
285 290 299 312 ‚
333 254 682 320 transfugarum
717 254 838 303 dieta
867 255 1154 307 affirmantes
1177 297 1194 316 ‚
1235 280 1324 309 ve-

27 335 215 370 nerunt.
250 318 380 369 Tum
416 322 606 370 sarcinis
644 326 690 370 in
725 325 939 372 medium
972 325 1203 389 conjeffis
1242 347 1322 376 ar-

26 406 105 438 ma
136 387 345 437 Romani
386 393 604 455 capiunt,
638 392 834 458 acieque
869 390 987 456 justa
1030 394 1077 439 in
1112 412 1322 460 pugnam

26 455 221 505 vadunt.
255 455 393 503 Mille
430 457 642 522 pass'uum
676 460 870 507 aberant
896 496 910 519 ‚
951 478 1099 526 quum
1142 462 1201 508 ab
1232 465 1325 510 ho-

30 521 98 574 ste
151 522 388 588 conspecti
435 524 540 574 sunt
567 564 582 584 ,
630 529 951 593 trepidarique
985 531 1184 594 repente
1228 547 1327 578 coe-

29 603 181 658 ptum.
213 589 274 638 Et
303 590 453 659 Mago
499 610 559 640 ex
590 593 749 642 castris
786 597 931 643 citato
971 613 1098 662 equo
1131 597 1189 645 ad
1227 600 1327 664 pri-

29 675 164 710 mum
201 657 465 708 clamorem
494 661 546 709 δε
583 662 838 710 tumultum
866 663 1134 714 advehitur.
1180 663 1327 714 Erant

32 740 188 775 autem
247 727 294 774 in
344 725 596 776 Celtibero
653 733 861 779 exercitu
924 747 1127 797 quatuor
1182 734 1329 782 millia

31 792 320 844 scutatorum
371 796 424 844 &
466 795 661 844 ducenti
705 800 935 862 equites:
988 799 1108 847 hanc
1153 798 1328 866 justam

32 861 276 928 legionem
319 861 404 927 (8(
441 863 490 910 id
522 862 673 911 ferme
705 867 892 913 roboris
921 865 1057 932 erat)
1091 869 1139 915 in
1174 872 1330 935 prima

33 932 135 978 acie
156 928 282 978 locat
305 948 315 977 ε
337 929 414 996 (3)
433 945 619 980 ceteros
639 969 653 991 ‚
673 930 833 981 levem
850 950 1137 983 armaturam
1163 938 1210 985 in
1228 937 1336 986 sub·

37 995 163 1045 fidiis
200 997 373 1064 posuit.
408 997 579 1062 Quum
614 1000 679 1046 ita
711 999 960 1049 instrucios
995 1003 1220 1052 educeret
1252 1025 1331 1053 ca-

33 1063 171 1124 stris,
222 1065 423 1114 vixdum
463 1067 510 1114 in
557 1065 762 1132 egressos
811 1069 942 1117 vallo
986 1069 1194 1120 Romani
1236 1075 1332 1139 pila

34 1129 361 1195 conjecerunt.
399 1131 654 1182 Subfidunt
684 1135 882 1201 Hispani
925 1137 1154 1188 adversus
1193 1141 1335 1189 emis·

36 1198 84 1249 sa
127 1201 222 1249 tela
268 1202 326 1249 ab
369 1200 537 1261 hoste,
567 1202 679 1250 inde
723 1204 781 1251 ad
822 1206 1057 1255 mittenda
1095 1206 1180 1272 ipfi
1219 1228 1335 1257 con·

39 1266 231 1334 surgunt
269 1286 282 1327 3
324 1287 428 1335 quae
474 1287 619 1336 quum
653 1268 860 1320 Romani
900 1272 1133 1333 conferti,
1176 1291 1226 1324 ut
1265 1276 1335 1326 so·

39 1335 172 1395 lent,
205 1334 406 1384 densatis
448 1335 737 1403 excepissent
770 1338 937 1400 scutis,
964 1357 1065 1389 turn
1099 1360 1184 1408 pes
1224 1362 1334 1392 cum

39 1403 165 1471 pede
204 1404 434 1464 collatus,
475 1407 526 1454 &
570 1404 736 1470 giacliis
781 1409 881 1473 geri
923 1425 996 1456 res
1041 1426 1206 1476 coepta
1248 1411 1334 1462 est,

40 1468 273 1521 Ceterum
322 1470 542 1537 asperitas
588 1474 803 1522 locorum
843 1513 857 1536 ‚
912 1476 965 1524 &
1016 1475 1276 1526 Celtiberis
1318 1516 1333 1539 ,

40 1539 213 1604 quibus
249 1541 294 1586 in
334 1540 507 1603 proelio
544 1540 826 1590 concursare
866 1560 970 1591 mos
1008 1543 1107 1602 est,
1145 1547 1334 1595 veloci-

39 1620 189 1656 tatem
232 1608 451 1655 inutilem
489 1607 727 1668 faciebat3
778 1611 829 1659 ὃ(
874 1611 997 1659 haud
1044 1615 1204 1678 iniqua
1252 1632 1333 1662 ea·

40 1673 155 1722 dem
191 1689 288 1722 erat
322 1674 553 1723 Romanis
592 1675 742 1725 stabili
778 1695 946 1745 pugnae
988 1678 1209 1742 assuetis;
1245 1682 1331 1731 nifi

41 1741 175 1807 quod
231 1741 451 1809 angustiae
508 1745 559 1792 &
609 1746 841 1794 internata
878 1748 1085 1813 virgulta
1139 1750 1334 1799 ordines

42 1810 362 1871 dirimebant,
393 1812 445 1860 &
484 1809 649 1878 singuli
681 1813 902 1879 binique,
939 1815 1072 1865 velut
1106 1835 1214 1865 cum
1246 1836 1335 1884 pa·-

41 1877 203 1936 ribu5‚
251 1877 498 1928 conserere
560 1897 766 1946 pugnam
818 1883 1126 1948 cogebantur.
1176 1883 1333 1949 Quod

43 1945 104 1994 ad
147 1944 307 2012 fugam
360 1947 712 2011 impedimento
760 1948 973 1998 hostibus
1012 1968 1147 2010 erat,
1186 1954 1234 2001 id
1273 1956 1335 2004 ad

41 2011 224 2062 caedem
259 2031 343 2062 eos
375 2015 509 2064 velut
531 2014 713 2064 vinctos
745 2017 1002 2081 praebebat.
1028 2019 1088 2067 Et
1116 2018 1208 2083 jam
1234 2020 1332 2069 fer-

41 2098 123 2130 me
155 2083 378 2130 omnibus
409 2082 598 2132 scutatis
632 2082 991 2133 Celtiberorum
1033 2087 1288 2138 interfectis
1321 2128 1335 2147 ,

43 2148 169 2197 levis
202 2164 469 2208 armatura,
499 2153 551 2200 ὅ(
585 2148 1027 2218 Carthaginienses,
1060 2157 1141 2220 qui
1175 2173 1231 2205 ex
1266 2158 1335 2206 al·-

44 2217 158 2264 teris
192 2215 349 2265 castris
384 2217 586 2268 subsidio
621 2236 856 2268 venerant
879 2258 895 2279 ,
936 2222 1134 2287 perculsi
1171 2227 1334 2274 caede-

44 2283 251 2332 bantur:
292 2285 387 2333 duo
419 2287 544 2335 haud
573 2288 776 2352 amplius
813 2289 958 2337 millia
991 2292 1236 2355 peditum,
1278 2295 1333 2343 &

45 2352 278 2416 equitatus
317 2356 503 2413 omnis,
537 2356 618 2402 vix
658 2357 777 2404 inito
815 2359 1028 2421 proelio,
1082 2378 1190 2408 cum
1231 2360 1335 2408 Ma·

45 2433 172 2486 gone
197 2418 477 2487 effugerunt.
512 2421 718 2483 Hanno,
749 2423 868 2474 alter
899 2427 1159 2492 imperator
1179 2466 1195 2486 ,
1222 2445 1333 2477 curn

111 2568 145 2621 ξ
158 2573 332 2622 Ceteros,
353 2572 471 2613 levem
489 2587 664 2615 armatu-
723 2577 848 2617 beros
867 2606 880 2624 ,
909 2578 978 2631 qui
1005 2578 1154 2620 leviter
1182 2577 1339 2624 tantum

49 2633 157 2688 mn]
174 2633 216 2674 ld
234 2634 307 2686 est,
337 2645 502 2679 ceteros
524 2636 661 2679 Celti·
724 2639 865 2680 armati
886 2648 1016 2683 erant,

1339 161 1532 210 (λος-Η.

1341 218 1533 266 aesw-
