1649 3104
304 104 662 163 LIBER
746 103 1046 166 XXVI.
1248 123 1330 185 47

20 196 170 233 eorum
190 201 348 251 pacem
368 225 380 243 ‚
405 189 452 251 fi
479 187 732 252 Philippus
753 206 879 235 arma
904 190 962 235 ab
985 188 1238 248 Romanis,
1254 190 1331 254 fh·
1347 188 1541 239 U.c.54t.

18 251 218 318 disque,
249 257 413 321 quique
449 274 592 303 eorum
628 256 823 303 ditionis
850 254 1014 319 efficat,
1044 243 1542 325 abstinufft.³·c·2¹¹·

21 321 132 369 Item
152 358 169 379 ‚
193 323 460 388 fipopulus
491 326 625 372 Rom.
647 321 812 386 foedere
837 321 1099 389 jungeretur
1131 328 1247 391 regi,
1282 345 1332 377 ut

19 404 227 449 caveret,
255 410 310 438 ne
327 390 410 456 jus
440 392 479 438 ei
513 393 618 439 belli
656 389 878 457 inferendi
899 394 1080 440 AEtolis
1106 391 1333 459 sociisque

27 473 174 505 eorum
222 458 334 524 effit.
374 459 494 507 Haec
548 474 883 508 convenerunt
914 498 930 520 ‚
968 460 1334 528 conscriptaque

23 523 218 573 biennio
245 527 348 594 post
384 526 638 593 Olympiae
671 530 729 576 ab
764 529 964 586 AEtolis,
1003 531 1050 576 in
1082 527 1334 596 Capitolio

23 592 82 640 ab
118 592 352 644 Romanis
374 632 388 654 ‚
413 611 461 644 ut
480 595 645 644 testata
679 595 869 645 sacratis
907 600 1237 647 monumentis
1265 599 1335 648 es-

16 657 151 721 sent,
170 660 273 712 sunt
292 663 457 731 pofita.
488 663 645 711 Morae
677 664 810 712 causa
833 664 1018 714 fuerant
1038 669 1213 715 retenti
1231 666 1332 716 Ro-

24 745 119 778 mae
140 730 314 780 diutius
345 733 488 798 legati
516 732 803 782 AEtolorum.
840 735 945 782 Nec
978 749 1138 783 tamen
1176 736 1333 802 impe-

27 796 244 849 dimento
278 800 327 848 id
363 801 503 848 rebus
542 799 762 866 gerendis
807 800 913 850 fuit.
956 800 1015 851 Et
1047 803 1200 852 AEtoli
1251 822 1329 854 ex·
1345 815 1542 874 Resgestae

23 867 210 933 templo
242 883 506 917 moverunt
544 869 774 918 adversus
797 870 1068 935 Philippum
1097 872 1280 921 bellum
1313 879 1396 934 ‚ab
1420 880 1544 920 AEto-

23 933 78 983 &
111 934 334 985 Laevinus
361 936 667 1003 Zacynthum
700 938 886 1005 (parva
918 938 1063 988 insula
1103 939 1170 989 est
1212 960 1326 1008 pro·
1343 943 1393 983 lis
1424 940 1462 980 δ’
1499 957 1524 982 a

25 1003 204 1070 pinqua
237 1005 466 1053 AEtoliae:
508 1006 677 1054 urbem
707 1024 848 1055 unam
887 1008 1063 1057 eodem
1099 1027 1198 1075 quo
1234 1010 1331 1078 ipsa
1351 1004 1529 1048 Valerio.

26 1069 98 1118 >est
119 1074 317 1121 nomine
353 1074 495 1121 habet
518 1072 539 1139 )
577 1092 682 1123 eam
706 1091 880 1140 praeter
901 1094 1061 1125 arcem
1091 1080 1142 1126 vi
1169 1082 1300 1144 cepit
1319 1115 1335 1139 ,

26 1138 82 1188 &
114 1140 338 1190 OEniadas
370 1141 646 1208 Nasumque
666 1141 976 1192 Acarnanum
1004 1160 1164 1211 captas
1185 1147 1332 1196 AEto-

25 1206 85 1255 lis
114 1210 388 1258 contribuit.
433 1209 708 1276 Philippum
741 1230 937 1279 quoque
969 1211 1073 1261 satis
1108 1216 1331 1281 implica-

24 1287 131 1324 tum
159 1277 293 1326 bello
326 1276 530 1327 finitimo
559 1294 686 1328 ratus
707 1317 721 1339 ,
745 1298 805 1328 ne
841 1280 1025 1329 Italiam
1057 1282 1333 1351 Poenosque

26 1343 83 1396 &
115 1345 249 1411 pacta
283 1364 394 1394 cum
427 1346 670 1397 Annibale
708 1347 859 1414 posset
885 1348 1119 1416 respicere
1143 1387 1158 1410 9
1200 1350 1333 1402 Cor-'

24 1429 195 1479 cyram
226 1412 327 1481 ipse
364 1414 409 1463 se
445 1417 645 1482 recepit.

94 1480 259 1534 XXV.
288 1482 512 1550 Philippo
541 1483 820 1534 AEtolorum
860 1484 1064 1536 defectio
1091 1487 1234 1539 Pellae
1263 1490 1336 1539 hi⁴

26 1546 250 1600 bernanti
285 1552 422 1601 allata
444 1551 545 1602 est:
572 1555 731 1621 itaque
764 1556 871 1621 quia
899 1557 1057 1622 primo
1084 1575 1200 1607 vere
1230 1577 1337 1610 mo-

29 1630 166 1668 turus
201 1622 465 1670 exercitum
496 1622 546 1669 in
576 1620 818 1672 Graeciam
843 1638 977 1684 erat,
1000 1623 1199 1691 Illyrios
1230 1626 1338 1677 fini-

31 1686 266 1755 timasque
296 1691 365 1737 eis
391 1689 532 1738 urbes
563 1689 638 1756 (9)
672 1691 857 1741 alterno
892 1707 1027 1741 metu
1068 1696 1253 1759 quietas
1284 1710 1338 1747 ut

32 1753 328 1807 Macedonia
368 1758 597 1816 haberet,
635 1760 998 1826 expeditionem
1044 1760 1244 1812 subitam
1288 1768 1338 1814 in

31 1821 348 1874 Oricinorum
399 1842 542 1893 atque
584 1826 975 1893 Apolloniatium
1011 1828 1132 1880 fines
1167 1831 1283 1882 fecit
1324 1852 1338 1883 :

28 1892 336 1960 egressosque
374 1894 750 1961 Apolloniatas,
783 1915 893 1946 cum
935 1916 1113 1966 magno
1153 1914 1341 1952 terrore

29 1973 178 2026 atque
207 1980 426 2030 pavore,
462 1966 696 2030 compulit
742 1967 864 2014 intra
904 1985 1086 2016 muros.
1131 1967 1341 2020 Vastatis

34 2031 271 2094 proximis
303 2031 524 2099 Illyrici,
553 2034 602 2081 in
627 2033 936 2100 Pelagoniam
967 2037 1140 2085 eadem
1172 2039 1343 2088 celeri=

37 2108 136 2149 ‚tate
171 2101 315 2150 vertit
349 2102 441 2149 iter
476 2118 488 2149 ι
526 2101 641 2149 inde
668 2100 749 2168 (1)
780 2101 1121 2153 Dardanorum
1167 2107 1342 2157 urbem

34 2161 174 2214 fitam
203 2168 252 2216 in
282 2166 606 2230 Macedonia,
643 2169 892 2219 transitum
915 2171 1156 2226 Dardanis
1193 2174 1340 2224 factu-

35 2239 170 2294 ram,
198 2238 343 2302 cepit.
379 2238 469 2286 His
506 2238 681 2303 raptim
726 2238 838 2287 affis
861 2277 875 2298 ‚
912 2258 1104 2290 memor
1141 2243 1340 2293 AEtolici

27 2297 274 2370 junctique
301 2323 413 2354 cum
452 2323 514 2356 eo
549 2306 758 2355 Rotnani
805 2308 964 2370 belli,
1007 2327 1095 2377 per
1134 2310 1338 2379 Pelago-

0 1063 21 1076 Q

35 2433 40 2435 -
96 2404 304 2458 9Alterno
319 2408 447 2462 metu]
466 2407 654 2451 Alternus
716 2423 798 2452 tam
826 2415 869 2452 in
894 2412 1138 2452 Macedonia
1165 2414 1182 2467 ]
1219 2413 1336 2469 Lege

30 2476 158 2513 metus
176 2466 232 2507 est
247 2499 260 2519 ,
280 2468 519 2523 Illyriorum
534 2473 654 2513 aMa-
717 2476 883 2516 omnino
907 2489 917 2515 :
952 2476 1232 2515 Dardanorum
1270 2490 1340 2514 ur·

31 2527 258 2573 ‚cedonibus
275 2561 286 2580 ,
307 2539 353 2570 ut
381 2530 491 2584 prius
510 2534 654 2574 Mace·
716 2535 798 2576 bem
826 2537 999 2577 Sintiam
1017 2568 1028 2587 ‚
1069 2539 1109 2575 in
1138 2535 1332 2576 Macedo-

26 2587 187 2636 donum
206 2592 255 2633 ab
282 2591 452 2648 Illyriis.
713 2602 825 2639 niam
877 2597 1078 2648 transtu-m
1121 2597 1335 2646 Dardanis

31 2690 38 2697 .
96 2664 120 2710 ,ι
143 2651 424 2702 Dardanorum
450 2656 576 2700 urbem
590 2658 652 2714 fi‘.
706 2660 901 2715 fitz-'lutam
924 2691 934 2711 ,
960 2662 1076 2714 cepit.
