1649 3104
296 105 342 161 L
388 119 408 159 1
453 119 488 160 Β
536 100 653 160 ER
740 104 1126 164 XXVIII.
1252 120 1360 180 203

60 201 377 268 nequierant,
413 200 518 250 sunt
547 201 734 268 direpta
759 203 809 252 &
843 203 890 248 in
921 220 1069 251 naves
1104 202 1368 268 compulsa.
1391 191 1438 234 U
1433 201 1580 289 11-545

65 269 193 319 Cum
228 272 298 318 his
349 284 601 335 ceteraque
642 269 803 344 praeda
848 268 991 317 Nicia
1039 284 1245 335 praetore
1291 259 1412 318 A·a
1433 250 1582 300 ²*7

60 339 303 387 chaeorum
350 338 438 385 AEo
416 339 542 403 glum
583 336 719 385 misso
760 354 907 403 quum
947 321 1239 385 Corinthum
1284 355 1368 402 pe-

65 403 220 462 tisset,
258 405 502 471 pedestres
532 406 642 454 inde
672 408 838 471 copias
863 408 949 471 p'er
978 404 1220 453 Boeotiam
1246 405 1371 454 terra

64 474 173 523 duci
210 471 373 537 juffit·
430 473 528 540 iple
571 475 628 522 ab
676 473 942 523 Cenchreis
981 488 1154 539 praeter
1195 485 1372 520 terram

61 542 277 592 Atticam
308 541 445 606 super
483 541 684 589 Sunium
725 542 951 607 navigans
974 578 988 600 ,
1030 542 1153 589 inter
1188 539 1372 588 medias

21 614 31 618 ’
65 626 222 676 prope
275 609 482 657 hostium
531 608 724 668 classes,
764 585 1047 659 Chalcidem
1099 609 1322 675 pervenit
1357 625 1369 656 ε

44 676 177 742 νἱηάε
201 715 216 738 ,
253 677 523 726 collaudata
560 675 657 726 fide
693 695 745 724 ac
784 679 992 737 virtute,
1028 676 1160 742 quod
1210 692 1372 742 neque

63 746 210 793 timor
241 783 255 805 ‚
300 763 457 823 neque
504 744 608 812 spes
654 743 888 795 flexissent
933 762 1106 794 eorum
1152 745 1371 801 animos3

63 811 370 879 hortatusque
407 816 452 860 in
492 811 773 879 posterum,
811 827 862 861 ut
894 812 1066 861 eadem
1108 810 1375 860 constantia

65 896 403 948 permanerent
445 883 491 928 in
528 881 750 929 societate
774 917 788 939 ‚
831 880 865 928 fi
909 879 1038 928 suam
1076 878 1220 948 quam
1253 878 1376 927 Ori-

61 962 286 998 tanorum
318 964 460 1014 atque
500 949 831 1026 Opuntiorum
866 946 1108 998 fortunam
1143 946 1252 996 mall
1242 949 1371 996 l·ent
1361 984 1375 1006 ‚

60 1016 120 1064 ab
178 1015 410 1067 Chalcide
469 1015 658 1066 Oreum
714 1035 821 1064 nav
829 1031 943 1082 gat,
1003 1018 1374 1082 principumque

62 1086 155 1143 iis,
191 1087 271 1151 qui
307 1084 473 1152 fugere
507 1085 648 1152 capta
683 1084 834 1143 ur‚be
872 1102 1015 1150 quam
1055 1084 1099 1133 se
1138 1084 1374 1133 Romanis

62 1153 284 1212 tradere,
320 1155 584 1201 maluerant
607 1190 619 1212 ‚
658 1151 842 1200 summa
875 1169 1033 1200 rerum
1073 1154 1124 1203 &
1158 1151 1376 1200 custodia

62 1221 192 1268 urbis
227 1220 485 1287 permissa,
517 1219 615 1286 ipse
651 1218 872 1268 Demetri
878 1220 1018 1270 adem
1056 1221 1114 1269 ab
1158 1219 1372 1276 Euboea,

64 1288 192 1337 unde
226 1290 385 1363 primo
420 1289 478 1336 ad
512 1306 659 1351 opem
695 1288 941 1337 ferendam
970 1287 1108 1337 sociis
1134 1287 1379 1354 profeAElus

66 1371 191 1413 erat,
223 1355 424 1419 trajecit.
455 1352 754 1404 Cassandreae
783 1356 955 1404 deinde
983 1354 1058 1422 (9)
1082 1371 1274 1404 centum
1296 1375 1382 1404 na-

64 1427 198 1472 vium
250 1425 502 1498 longarum
563 1426 731 1474 carinis
779 1422 986 1491 positis,
1036 1423 1380 1490 contractaque

64 1492 124 1540 ad
163 1466 382 1541 effectum
424 1509 528 1555 e1us
573 1494 735 1558 operis
784 1492 1092 1541 multitudine
1132 1491 1380 1540 fabrorum

63 1561 342 1621 navalium,
390 1562 503 1627 quia
550 1577 626 1609 res
676 1562 726 1609 in
775 1559 964 1610 Graecia
1007 1561 1285 1626 tranquillas
1329 1561 1383 1610 &

69 1626 308 1694 ρτοῐεξὶὶο
363 1627 512 1676 Attali
554 1627 767 1686 fecerat,
811 1629 917 1678 &⁸
908 1647 955 1677 n
1001 1644 1224 1694 tempore
1257 1628 1387 1676 labo·

68 1696 279 1745 rantibus
329 1695 467 1745 sociis
520 1695 668 1745 latum
722 1697 781 1744 ab
838 1696 884 1745 se
934 1698 1200 1755 auxilium,
1248 1711 1380 1744 retro

68 1764 114 1810 in
153 1781 352 1830 regnum
387 1763 642 1826 concessu,
689 1779 741 1814 ut
776 1763 1018 1813 Dardanis
1073 1764 1258 1813 bellum
1305 1767 1386 1812 in-

67 1805 235 1880 ferret.

135 1898 222 1947 IX.
246 1898 480 1948 Extremo
513 1899 683 1950 aestatis
716 1900 757 1966 ej
766 1915 819 1949 us
855 1918 948 1967 qua
979 1900 1123 1949 haec
1113 1918 1159 1948 m
1187 1898 1384 1950 Graecia

70 1966 199 2031 gesta
220 1966 322 2015 sunt
345 2006 357 2026 ‚
393 1986 542 2035 quum
575 1968 651 2035 (1)
687 1967 755 2032 Q.
786 1969 959 2018 Fabius
982 1968 1227 2017 Maximus
1247 1984 1384 2035 pater

72 2036 254 2101 legatus
282 2036 340 2083 ab
381 2035 454 2084 M.
498 2036 641 2085 Livio
683 2036 873 2086 consule
914 2037 1123 2086 Romam
1162 2037 1220 2084 ad
1253 2035 1382 2084 sena·
1406 2081 1428 2117 ί
1467 2014 1596 2055 Αἠὂο

70 2117 173 2151 tum
205 2101 499 2162 nunciasset,
544 2103 702 2153 consul
710 2122 785 2153 em
825 2104 929 2153 satis
968 2103 1169 2170 praefidii
1206 2102 1378 2153 Gallice
1402 2075 1589 2177 nglffn'tve‘

69 2172 334 2238 provinciae
367 2172 565 2221 credere
604 2172 658 2221 L.
697 2173 921 2221 Porcium
957 2191 1064 2221 cum
1101 2172 1191 2220 suis
1230 2173 1376 2240 legio·
1402 2199 1591 2242 Romam

132 2291 158 2332 9
182 2277 340 2316 Centum
366 2280 524 2317 navium
550 2277 695 2333 longa-
819 2292 835 2320 1
861 2276 913 2335 Q.
932 2279 1080 2319 Fabius
1094 2278 1381 2330 DAaximuspa-

70 2352 152 2377 rum
186 2340 330 2376 carinis
352 2338 521 2393 positis]
557 2339 693 2380 Susci-
752 2341 841 2394 ter]
874 2341 959 2383 Vix
991 2342 1186 2381 credibile
1219 2339 1273 2380 est
1301 2340 1379 2379 Fa-

69 2399 211 2453 piebat
232 2400 417 2441 nimirum
442 2399 695 2443 aedificandas
752 2402 861 2442 bium
895 2404 1078 2443 extrem-21
1121 2411 1242 2442 aetate
1285 2401 1382 2441 fun-

69 2471 234 2501 tentum
264 2477 389 2503 naves
419 2463 584 2520 longas,
615 2462 697 2503 five
755 2463 859 2503 &um
908 2464 986 2504 effe
1033 2465 1156 2518 legati
1194 2476 1385 2504 munere.

69 2523 257 2566 bellicas,
281 2524 319 2564 A
340 2525 473 2566 carina
495 2525 601 2567 enim
624 2539 700 2565 ne-
753 2524 894 2580 Itaque
918 2525 1194 2579 ampletstenda
1222 2524 1385 2566 videtur

71 2583 239 2626 ceffario
304 2587 474 2629 sumitur
538 2587 699 2632 initium
755 2589 872 2627 unius
898 2588 1053 2628 veteris
1069 2586 1383 2642 codicisleffio‚

75 2643 267 2691 struendae
294 2649 425 2692 navis.
757 2646 815 2708 Q
834 2648 982 2689 Fabius
1001 2649 1180 2688 Maximi
1186 2648 1321 2704 filius.

150 2734 153 2738 ·
1006 2714 1029 2765 Ι
1062 2714 1110 2782 vj
