1649 3104
342 126 698 184 Ltssan
780 119 1023 178 XXX.
1215 132 1324 198 355

34 222 94 275 nb
138 221 299 273 castris
350 223 492 290 regiis
517 258 528 280 ‚
569 219 820 271 consedit:
860 218 1054 285 postero
1105 217 1182 266 die
1217 234 1326 266 <um

38 293 250 358 equitatu
278 292 325 339 in
353 290 560 356 Magnos
584 288 687 354 (ita
715 287 931 350 vocant)
956 303 1180 351 campos,
1213 284 1322 333 sub-

31 357 184 426 iefios
233 360 275 407 ei
315 358 501 407 tumulo
529 396 544 419 ,
583 353 820 423 degressus
844 392 860 414 ,
907 354 1211 402 succedendo
1263 353 1324 400 ad

31 426 259 477 stationes
289 425 496 474 hostium
519 462 532 485 ‚
569 423 934 489 lacessendoque
971 421 1158 470 levibus
1196 437 1324 485 proe-

35 495 146 552 liiS,
171 495 301 543 diem
332 491 614 560 absumpfit3
649 494 699 542 ἃ
729 508 815 556 per
840 490 1092 556 insequens
1127 489 1328 536 biduum

27 560 335 612 ‘tumultuosis
375 561 483 609 hinc
522 577 665 625 atque
699 559 829 607 illinc
867 556 1221 607 excursionibus
1249 557 1326 603 in·

29 632 189 681 vicem
212 667 226 691 ,
261 628 378 677 nihil
402 628 524 676 diffiu
547 627 649 675 satis
684 628 879 693 dignum
909 626 1156 674 fecerunt:
1188 640 1323 689 quar-

31 711 84 746 to
118 697 196 746 die
232 698 468 762 utrimque
503 698 550 743 in
590 697 742 743 aciem
781 692 1055 742 descensum
1101 689 1180 740 est.
1216 690 1323 739 Ro-

28 782 195 815 manus
223 765 461 830 principes
500 761 579 829 (7)
611 761 716 828 post
752 759 1042 809 hastatorum
1083 760 1234 825 prima
1265 756 1323 805 si·

63 851 149 889 na,
189 835 237 880 in
274 830 487 879 subsidiis
522 832 711 878 triarios
745 827 1015 877 constituit:
1053 829 1322 893 equitatum

25 849 245 950 stalicum
285 899 343 947 ab
379 898 548 947 dextro
590 915 775 955 cornu,
813 897 873 944 ab
914 896 1039 944 laevo
1085 894 1323 943 Numidas

28 966 414 1033 Masinissamque
463 965 704 1032 opposuit.
747 963 948 1031 Syphax
991 961 1328 1029 Asdrubalque

31 1032 303 1086 Numidicis
343 1034 572 1082 adversus
617 1032 828 1081 Italicum
876 1033 1174 1098 equitatum,
1211 1028 1329 1080 Car·

25 1102 397 1170 thaginienstbus
414 1116 579 1149 contra
600 1098 886 1148 Masinissam
906 1101 1069 1148 locatis
1088 1135 1100 1157 ‚
1119 1097 1196 1163 (8)
1210 1095 1321 1147 Cel-

27 1172 210 1220 tiberos
243 1173 291 1219 in
328 1171 537 1218 mediam
569 1170 719 1216 aciem
763 1169 810 1215 in
852 1167 1046 1215 adversa
1087 1165 1210 1232 signa
1251 1166 1324 1214 le-

29 1243 227 1307 gionum
261 1253 488 1301 accepere
522 1255 531 1284 :
564 1238 627 1283 ita
663 1233 865 1283 instruffl
894 1248 1197 1282 concurrunt.
1224 1232 1320 1280 Pri-

29 1325 112 1356 mo
145 1309 326 1371 impetu
364 1304 500 1352 simul
532 1319 727 1368 utraque
756 1320 970 1360 cornua,
1005 1303 1054 1350 S(
1097 1300 1324 1349 Numidae

23 1375 84 1424 -&
111 1369 517 1440 Carthaginienses
550 1368 670 1436 pulsi
700 1389 710 1419 t
745 1387 853 1417 nam
883 1386 1037 1435 neque
1073 1367 1329 1426 Numidae,

31 1444 239 1491 maxima
284 1458 390 1507 pars
433 1438 672 1505 agrestes,
706 1436 984 1487 Romanum
1026 1438 1290 1502 equitatum
1313 1471 1331 1495 ‚

31 1524 188 1577 neque
226 1506 669 1574 Carthaginienses,
708 1506 758 1555 &
804 1503 903 1572 ipse
951 1522 1107 1553 novus
1155 1503 1329 1562 miles,

30 1575 320 1627 Masinissam
358 1577 537 1624 recenti
585 1574 721 1640 super
758 1588 917 1622 cetera
954 1570 1153 1632 visiotia
1190 1571 1334 1620 terri-

27 1646 212 1704 bilem,
255 1644 528 1693 sustinuere.
565 1642 758 1691 Nudata
809 1643 1051 1707 utrimque
1098 1640 1325 1690 cornibus

27 1712 331 1762 Celtiberum
372 1712 495 1759 acies
525 1709 703 1767 stabat3
743 1710 873 1775 quod
905 1726 993 1757 nec
1030 1709 1078 1755 in
1111 1707 1221 1774 fug-a
1261 1705 1326 1756 sa-

27 1782 101 1832 lus
132 1781 225 1829 ulla
262 1779 597 1829 ostendebatur
632 1778 750 1826 locis
785 1779 961 1843 ignotis
982 1813 994 1835 ‚
1027 1793 1187 1843 neque
1218 1774 1325 1841 spes

3 1851 182 1910 ,veniae
221 1848 277 1896 ab
316 1846 542 1912 Scipione
582 1860 715 1903 erat,
756 1862 899 1910 quem
937 1847 1059 1893 bene
1098 1845 1324 1892 meritum

30 1918 90 1966 de
121 1917 167 1966 se
204 1917 255 1965 ὃς
287 1930 425 1982 gente
461 1914 570 1973 sua,
604 1916 908 1962 mercenariis
942 1913 1081 1961 armis
1114 1913 1162 1959 in
1199 1910 1329 1959 Afri-

29 2002 133 2034 cam
176 1996 507 2050 oppugnatum
548 1979 796 2030 venissent.
848 1981 995 2046 Igitur
1035 1977 1331 2027 circumfusis

27 2054 237 2118 undique
270 2049 511 2105 hostibus,
550 2050 626 2096 alii
655 2047 794 2114 super
829 2050 947 2096 alios
970 2048 1193 2096 cadentes
1233 2046 1327 2095 ob-

29 2119 180 2170 stinati
217 2118 572 2174 moriebantur3
603 2115 918 2182 omnibusque
948 2117 993 2163 in
1032 2133 1115 2164 eos
1147 2113 1327 2173 versis,

26 2189 321 2256 aliquantum
352 2186 410 2232 ad
444 2185 604 2251 fugam
640 2187 874 2251 temporis
907 2182 1106 2249 Syphax
1142 2185 1194 2233 ὃς
1236 2181 1329 2232 Asa

90 2307 115 2344 7
141 2289 234 2340 Post
266 2289 498 2339 hastatorum
515 2293 642 2344 prima
707 2290 747 2329 in
769 2289 940 2329 mediam
966 2288 1095 2329 aciem
1123 2291 1164 2327 in
1193 2289 1330 2327 adver-

20 2352 169 2410 figna]
207 2351 297 2392 Post
325 2351 432 2407 signa
471 2351 646 2392 hastato·
701 2350 749 2404 [ἶι
768 2382 782 2399 ,
811 2350 891 2390 sive
917 2360 1059 2391 contra
1083 2349 1241 2403 adverfiz
1265 2347 1328 2400 fi-

12 2418 118 2471 'gum
135 2445 148 2462 ,
177 2414 414 2468 quae‘prima
439 2423 554 2454 erant
571 2445 582 2464 ,
608 2414 647 2453 id
706 2427 784 2468 gna
801 2412 1020 2467 legionum3
1044 2412 1085 2451 id
1104 2411 1157 2452 est
1172 2425 1331 2464 ,oppo-

20 2476 114 2531 ¹est,
143 2489 193 2516 ex
221 2475 364 2529 quibus
395 2475 520 2529 prima
541 2488 643 2515 con·
709 2473 803 2514 fitos
835 2473 952 2527 signis
979 2472 1218 2528 legionum,
1239 2485 1329 2526 quae

30 2536 155 2592 flabat
173 2538 296 2578 acies.
712 2535 883 2589 proinde
911 2535 1076 2575 adversa
1107 2533 1335 2583 Celtiberis,

52 2594 60 2599 ’
96 2600 117 2640 8
158 2598 366 2639 Celtiberos
407 2598 448 2637 in
481 2599 649 2638 mediam
715 2596 925 2637 erant.Sic
940 2598 1002 2645 ,in
1015 2595 1208 2648 adverficm
1220 2609 1332 2645 mon-

28 2663 179 2718 teiam]
197 2661 433 2704 Celtiberos
449 2673 649 2715 accepere
715 2670 791 2700 tem
805 2667 873 2700 aut
884 2656 1033 2713 flumen
1051 2659 1145 2700 niti.

1343 201 1532 269 U.c.549.

1342 269 1533 312 a.a.203.
