1649 3104
320 97 676 156 LIBER
758 97 1009 158 XXX.
1196 107 1318 180 405'

5 194 165 246 aurius
192 194 329 246 Philo
349 234 363 255 ,
402 199 453 247 &
484 196 557 246 M.
586 195 795 244 Marcius
827 196 963 245 Ralla
986 233 1001 254 ,
1036 195 1089 246 &
1123 193 1178 244 L.
1211 196 1315 245 Sci-

8 265 102 330 [pio
151 266 450 332 imperatoris
504 265 661 314 frater.
716 263 802 312 Per
854 280 938 311 eos
990 265 1131 322 dies,
1180 282 1315 313 corn-

10 346 203 380 srneatus
241 351 296 381 ex
334 332 490 381 Sicilia
527 332 833 398 Sardiniaque
864 345 1040 379 tantam
1080 332 1316 381 vilitatem

12 415 222 448 ¹annonae
255 399 549 459 effecerunt,
583 416 632 447 ut
662 418 750 465 pro
789 399 983 446 veflura
1020 399 1314 448 frumentum

13 482 259 516 ¹mercator
301 471 452 518 nautis
501 467 805 532 relinqueret.
859 467 1027 515 Romae
1077 468 1136 514 ad
1185 485 1314 516 nun·-

13 535 146 582 .cium
178 539 385 602 primurn
424 535 696 584 rebellionis
733 533 1190 601 Carthaginiensium
1221 549 1317 584 tre-

12 602 234 668 ipidatum
292 605 488 664 fuerat3
534 601 761 668 jussusque
812 618 912 650 erat
959 602 1038 652 Ti.
1085 601 1318 651 Claudius

21 671 206 718 mature
242 674 288 718 in
319 671 523 720 Siciliam
560 669 746 718 classem
783 670 958 718 ducere
981 708 994 729 ‚
1028 684 1169 736 atque
1201 670 1316 720 inde

23 738 71 784 in
105 737 321 787 Africam
359 737 611 802 trajicere,
651 738 702 786 &
741 739 859 785 alter
891 737 1052 787 consul
1088 738 1161 788 M.
1199 737 1320 787 Ser-

16 806 160 853 'vilius
197 808 256 855 ad
287 807 453 854 urbem
488 808 696 861 morari,
726 805 882 853 donec
907 843 920 864 ,
956 824 1052 871 quo
1087 805 1206 854 statu
1240 822 1319 856 res

20 873 70 920 in
115 872 279 922 Africa
321 873 502 934 essent,
544 872 754 921 sciretur.
803 870 1019 937 Segniter
1063 877 1226 922 omnia
1269 874 1320 922 in

11 941 340 1008 comparanda
375 941 751 1007 deducendaque
788 939 925 988 classe
960 940 1017 989 ab
1054 939 1136 990 Ti.
1174 940 1322 991 Clau-

23 1008 106 1056 dio
143 1009 334 1058 consule
375 1009 493 1058 fasta
527 1024 696 1067 erant3
736 1009 867 1074 quod
905 1008 1065 1057 Patres
1103 1008 1164 1058 de
1201 1025 1319 1074 pace

10 1074 259 1143 'Scipionis
292 1080 451 1145 potius
486 1077 726 1125 arbitrium
763 1074 853 1124 esse
878 1114 892 1132 ,
930 1077 1099 1142 quibus
1133 1077 1320 1143 legibus

24 1143 253 1205 daretur,
297 1145 439 1212 quam
482 1144 725 1200 consulis,
763 1142 1054 1193 censuerant.
1102 1144 1322 1212 Prodigia

24 1229 220 1278 quoque
251 1206 471 1260 nunciata
507 1211 589 1260 sub
620 1210 767 1277 ipsam
798 1210 972 1261 famam
1002 1212 1281 1262 rebellionis
1307 1251 1322 1273 ,

23 1294 263 1335 terrorem
308 1281 574 1329 attulerant.
615 1279 783 1328 Cumis
827 1278 950 1328 Solis
994 1280 1123 1329 orbis
1171 1283 1322 1330 minui

23 1347 181 1408 visus,
212 1350 265 1398 &
304 1350 421 1414 pluit
459 1347 650 1412 lapideo
691 1348 831 1395 imbri
859 1365 867 1394 :
898 1350 949 1397 ὅ(
986 1350 1033 1395 in
1066 1348 1324 1399 Veliterno

22 1433 137 1482 agro
180 1430 305 1465 terra
337 1418 602 1482 ingentibus
639 1417 856 1463 cavernis
893 1415 1143 1474 consedit,
1182 1416 1325 1468 arbo-

22 1483 192 1550 resque
233 1486 280 1532 in
324 1483 620 1550 profundum
665 1481 852 1531 haustae.
897 1485 1074 1533 Ariciae
1120 1485 1325 1547 forum3

24 1551 78 1602 &
108 1554 229 1600 circa
260 1553 470 1601 tabernae
493 1591 510 1610 ‚
541 1550 803 1602 Frusinone
842 1568 1004 1601 murus
1037 1552 1222 1620 aliquot
1256 1553 1329 1602 lon

25 1621 92 1669 cis
116 1657 130 1678 ‚
172 1622 223 1669 ὅ(
261 1636 400 1687 porta
424 1658 439 1678 ,
477 1620 537 1669 de
586 1618 710 1668 coelo
757 1618 873 1668 taEla
907 1639 918 1670 :
955 1621 1007 1670 &
1049 1621 1098 1668 in
1144 1620 1328 1670 Palatio

23 1687 262 1753 lapidibus
297 1689 427 1754 pluit.
464 1687 518 1736 Id
555 1687 826 1754 prodigium
869 1705 1005 1736 more
1042 1688 1198 1738 Patrio
1232 1707 1328 1739 no-

24 1757 238 1805 vendiali
272 1755 404 1805 sacro
427 1794 440 1815 ‚
477 1771 634 1806 cetera
668 1754 826 1804 hostiis
862 1754 1122 1816 majoribus
1158 1759 1326 1824 expia-

25 1838 72 1874 ta
90 1862 104 1884 ‚
126 1827 248 1873 inter
275 1843 381 1891 quae
412 1825 554 1872 etiarn
579 1841 804 1890 aquarum
832 1822 1018 1873 insolita
1042 1826 1326 1891 magnitudo

25 1893 72 1942 in
107 1893 388 1959 religionem
426 1891 593 1951 versa;
630 1909 739 1939 nam
777 1892 842 1939 ita
879 1892 1139 1940 abundavit
1171 1892 1328 1942 Tibe-

25 1962 87 2009 ris
110 1999 124 2023 ,
157 1976 208 2009 ut
237 1961 335 2008 ludi
364 1959 672 2025 Apollinares
696 1995 710 2018 ‚
752 1957 899 2008 Circo
935 1961 1166 2010 inundato
1186 1996 1201 2019 ‚
1241 1977 1328 2010 ex-

25 2042 95 2077 tra
125 2043 316 2095 portam
343 2026 585 2076 Collinam
619 2027 678 2074 ad
711 2029 865 2075 aedem
901 2027 1126 2094 Erycinae
1156 2028 1325 2077 Vene-

20 2098 92 2146 Tis
129 2099 277 2163 parati
307 2095 409 2144 smt.
446 2093 681 2144 Ceterum
712 2095 934 2143 ludorum
967 2095 1070 2162 ipso
1108 2097 1185 2145 die
1206 2134 1221 2155 ,
1250 2096 1329 2144 su·

25 2164 131 2214 bita
174 2164 424 2213 serenitate
473 2165 615 2222 ort&⁹
652 2180 867 2233 pompa,
908 2164 1015 2212 duci
1063 2179 1220 2231 coepta
1268 2163 1331 2212 ad

29 2246 220 2299 portam
282 2230 520 2281 Collinam
559 2269 574 2291 ‚
630 2246 858 2279 revocata
926 2232 1221 2299 dedufiaque
1279 2234 1331 2279 in

32 2299 232 2350 Circum
267 2298 332 2347 est
354 2337 366 2356 ,
398 2317 546 2365 quum
582 2297 823 2347 deceffiffe
858 2300 968 2347 inde
1003 2318 1175 2364 aquam
1209 2317 1332 2347 nun·

29 2370 198 2423 tiatum
225 2366 374 2427 esset3
406 2369 714 2432 laetitiamque
740 2367 925 2433 populo
959 2369 1010 2417 ὃ(
1044 2369 1166 2416 ludis
1199 2367 1330 2415 cele-

27 2437 251 2486 britatem
297 2435 480 2484 addidit
523 2434 657 2483 sedes
700 2433 778 2483 sua
825 2433 1010 2485 solenni
1055 2435 1329 2503 speflaculo

30 2504 236 2554 reddita.

104 2569 376 2620 XXXIX.
428 2569 686 2620 Claudium
750 2569 997 2620 consulem
1060 2570 1331 2637 professum

1335 191 1546 243 U.c.550.“

1334 248 1527 294 a.C.202.

1375 1164 1535 1237 'Prodssi

1339 1242 1425 1286 gza.

1401 2575 1541 2631 Claffis

33 2633 229 2705 ¹tandem
267 2639 324 2690 ab
362 2639 478 2690 urbe
513 2641 635 2690 inter
669 2654 834 2712 portus
872 2638 1116 2691 Cosanum
1156 2630 1338 2698 Laurea}
1354 2639 1514 2694 Claude}
