1649 3104
355 69 711 127 LIBER
794 65 1083 128 XXIX.
1251 86 1366 146 299

61 164 256 234 (neque
308 168 437 216 enim
471 183 531 216 ne
567 164 711 232 ipsius
756 167 953 231 quidem
991 167 1113 233 regis
1141 165 1363 216 abhorre·
1386 161 1576 226 U4547?-

59 234 142 283 bat
181 238 404 298 animus)
443 249 494 283 ut
541 235 588 281 in
625 233 816 299 Epirum
862 232 1092 282 transiret.
1136 235 1364 285 Phoenice
1386 217 1577 272 ³·(⁴·2⁰5·

33 302 171 357 &urbs
213 301 276 351 est
322 301 494 365 Epiri:
539 302 605 349 ibi
652 303 780 367 prius
827 302 1096 350 collocutus
1133 320 1213 350 rex
1253 321 1364 353 cum
1466 312 1469 314 ’

56 367 223 435 Eropo
241 407 255 428 ,
277 371 329 420 ὃ(
353 369 540 427 Darda,
569 370 619 418 ὅ(
643 369 864 435 Philippo
882 407 895 428 ‚
920 368 1223 433 Epirotarum
1245 390 1363 436 prae·

55 439 274 491 toribuS,
321 436 485 502 postea
529 454 640 484 cum
680 437 730 485 P.
771 436 1060 502 Sempronio
1103 441 1364 503 congredi-

57 517 148 552 tur.
186 503 337 553 Affuit
367 505 613 569 coiloquio
644 507 693 554 &
728 503 807 570 (3)
847 504 1166 570 Amynander
1205 506 1363 554 Atha-

55 588 249 621 manum
284 590 400 630 rex,
435 574 483 621 ὃ(
522 571 817 637 magistratus
855 573 931 620 alii
966 571 1271 638 Epirotarum
1309 575 1363 624 &

54 638 380 689 Acarnanum.
446 640 624 687 Primus
677 639 920 705 Philippus
977 654 1156 707 praetor
1213 642 1364 690 verba

54 706 202 767 fecit,
238 710 287 757 ἃ
319 708 455 773 petiit
492 706 625 754 simul
658 707 716 754 ab
750 724 860 773 rege
893 709 946 757 ὃ(
974 707 1033 756 ab
1070 708 1362 773 imperatore

51 773 275 824 Romano
300 813 312 835 ,
340 791 388 822 ut
411 773 556 822 finem
585 774 697 822 belli
721 773 965 834 facerent,
994 774 1074 841 (4)
1094 776 1362 843 darentque

53 858 158 891 earn
207 843 414 909 Epirotis
461 844 668 901 veniam.
722 842 773 892 P.
820 841 1132 908 Sempronius
1188 846 1363 893 condi-

53 912 210 959 tiones
249 913 377 978 pacis
415 910 562 969 dixit,
599 925 649 958 ut
683 908 921 967 Parthini,
962 911 1012 959 &
1052 909 1319 961 Dimallum
1345 950 1361 974 ,

54 978 110 1028 &
151 977 444 1045 Bargu'um,
495 980 546 1027 &
595 977 864 1044 Eugenium
908 978 1245 1028 Romanorum
1286 979 1361 1029 es-

52 1045 171 1096 sent.
192 1042 436 1095 Atintania
453 1084 464 1104 ,
489 1045 563 1112 (5)
588 1044 619 1092 fi
640 1084 652 1104 .,
679 1045 820 1093 mistis
846 1046 1054 1095 Romam
1083 1047 1282 1113 legatis,
1300 1048 1358 1098 ab

52 1111 217 1163 senatu
256 1112 573 1181 impetraffet,
605 1112 867 1162 Macedoni
898 1114 1167 1164 accederet.
1200 1115 1254 1164 In
1280 1134 1358 1166 eas

47 1183 358 1231 conditiones
408 1198 555 1248 quum
602 1199 722 1247 pax·
756 1184 1079 1240 conveniret,
1134 1183 1193 1231 ab
1245 1185 1387 1252 rege

48 1249 222 1299 foederi
256 1250 512 1312 adscripti,
546 1249 698 1298 Prufia
731 1249 970 1314 Bithyniae
1001 1267 1113 1309 rex,
1153 1251 1358 1312 Achaei,

48 1316 245 1377 Boeoti,
294 1316 548 1376 Thessali,
606 1318 880 1367 Acarnanes
915 1356 929 1377 ‚
974 1317 1187 1384 Epirotae
1236 1338 1246 1369 :
1297 1321 1358 1370 ab

47 1383 285 1435 Romanis
316 1424 331 1444 ,
389 1385 614 1442 ilienses,
667 1384 857 1434 Attalus
908 1402 991 1433 rex
1017 1423 1030 1446 ‚
1069 1385 1357 1447 Pleuratus,

46 1451 199 1502 Nabis
231 1454 712 1503 Lacedaemoniorum
752 1468 1014 1520 tyrannus,
1050 1452 1183 1512 Elei,
1226 1454 1358 1504 Mes-

40 1519 196 1581 senii,
239 1520 576 1571 Athenienses.
624 1522 741 1570 Haec
786 1520 1051 1588 conscripta
1098 1521 1357 1588 consigna-

41 1602 186 1657 taque
223 1589 324 1639 sunt
348 1628 358 1646 ,
396 1592 446 1640 &
479 1592 524 1638 in
558 1588 678 1638 duos
716 1588 902 1638 menses
942 1590 1145 1638 induciae
1183 1590 1314 1639 faciae
1339 1627 1355 1650 ,

40 1657 201 1707 donec
246 1657 456 1707 Romam
491 1658 790 1706 mitteren‘tur
834 1656 1011 1724 legati,
1051 1672 1102 1705 ut
1140 1660 1352 1725 populus

39 1726 93 1774 in
119 1725 201 1774 has
233 1725 536 1774 conditiones
565 1742 734 1790 pacem
769 1724 958 1788 juberet
983 1745 993 1774 ε
1024 1723 1351 1792 jusseruntque

42 1810 214 1843 omnes
255 1794 405 1842 tribus
438 1811 452 1853 ;
496 1794 603 1860 quia
649 1791 790 1842 verso
832 1795 880 1841 in
918 1791 1132 1841 Africam
1175 1794 1305 1843 bello
1332 1787 1568 1862 {Uest-48.

38 1862 262 1911 omnibus
303 1863 404 1910 aliis
450 1863 497 1909 in
545 1859 793 1926 praesentia
829 1862 979 1910 levari
1024 1861 1163 1910 bellis
1204 1863 1344 1911 vole·
1380 1854 1564 1900 '4⁶23-

39 1930 169 1979 bant.
202 1928 254 1979 P.
288 1929 630 1995 Sempronius,
676 1947 793 1997 pace
831 1928 953 1979 facia
977 1967 993 1991 ‚
1028 1929 1088 1979 ad
1123 1929 1339 1980 consula·
1383 1908 1563 1982 Psem-

36 2011 142 2047 tum
176 1997 382 2047 Romam
411 1995 620 2046 deceffir.
1365 1986 1514 2076 ffiongo

107 2064 273 2115 XIII.
302 2066 355 2116 P.
387 2063 707 2130 Sempronio,
737 2065 811 2116 M.
841 2062 1077 2115 Cornelio
1096 2102 1111 2125 ‚
1135 2064 1347 2116 consuli·
1368 2049 1568 2148 neiiofr‘

36 2132 130 2185 bus
187 2132 644 2201 (quintusdecimus
700 2136 737 2182 is
802 2151 949 2184 annus
1002 2132 1169 2183 Punici
1229 2134 1343 2184 belli
1368 2155 1480 2199 Coss.

106 2276 124 2317 3
175 2264 427 2319 Amynander
469 2263 663 2304 Athama·
726 2280 811 2305 rum
831 2274 1135 2306 annumeratur.

39 2343 130 2368 num
154 2341 220 2365 rcx
236 2357 246 2376 ,
267 2325 303 2364 G·
323 2327 569 2381 magistratus
589 2327 664 2365 alii
787 2342 813 2377 4
827 2327 1057 2381 Dczrentque
1070 2342 1152 2366 eam
1170 2325 1347 2380 Epirotis

42 2388 324 2443 Epirotarum]
348 2388 509 2442 Nempe
529 2388 661 2429 Atha-
727 2390 907 2441 veniam]
930 2390 975 2428 Et
992 2390 1070 2429 hoc
1081 2389 1264 2442 Epirotis
1281 2402 1351 2442 pe-

17 2470 21 2474 .
42 2452 174 2490 mania
188 2465 208 2489 a
225 2449 425 2490 Strabone
444 2451 671 2491 contribui·
733 2450 914 2490 tentibus
933 2452 1227 2490 concederent.

43 2521 111 2556 tur
134 2511 385 2565 Epiro.1deo
401 2510 669 2552 Athamanum
802 2527 818 2564 5
846 2513 940 2552 δι’...
959 2509 1226 2563 impetraſjkt]
1258 2510 1355 2552 Maae

39 2585 121 2617 xex
152 2573 445 2630 magistratibus
476 2573 669 2629 Epirota·
737 2575 839 2615 cedo
858 2605 869 2624 ‚
889 2574 927 2614 id
947 2572 1000 2612 est
1019 2604 1031 2623 ‚
1048 2572 1276 2626 Philippus.

962 2630 1006 2680 N
1047 2651 1094 2698 vj
