1649 3104
367 111 727 171 L1132n
809 103 1054 171 XXX.
1235 119 1355 189 347

43 207 212 264 Parem
243 212 442 262 navium
466 227 723 261 numerum
754 208 833 277 (5)
862 207 956 259 Cn.
987 209 1194 260 Ofilavio
1224 227 1351 275 prae-
1369 210 1565 276 &9549-

46 282 142 330 tori
180 283 296 329 item
335 281 507 346 prioris
541 279 651 327 anni
696 295 806 328 cum
842 279 944 345 pari
982 276 1086 343 jure
1123 267 1565 344 imperii,³-<··2÷3·

48 349 110 398 ad
155 348 383 396 tuendam
430 346 654 396 Sardiniae
697 363 861 403 oram,
910 345 1073 394 Patres
1110 346 1350 395 decreve-

47 432 173 465 runt.
207 415 433 465 Lentulus
470 430 645 482 praetor
682 414 781 464 duo
812 413 960 464 millia
995 414 1202 462 rnilitum
1236 413 1352 461 dare

49 484 100 533 in
136 501 285 533 naves
321 480 479 548 jussus.
523 482 583 531 Et
620 481 768 531 Italiae
802 500 920 542 ora,
962 482 1073 548 quia
1111 482 1350 529 incertum

49 566 186 613 erat,
227 553 324 618 quo
369 548 548 599 missuri
586 549 775 600 classem
814 546 1231 616 Carthaginienses
1270 547 1352 597 fo-

49 634 198 679 rent,
247 618 572 686 (videbantur
628 632 790 667 autem
848 617 1076 685 quicquid
1119 616 1355 665 nudatum

49 686 279 755 praesidiis
327 684 439 734 esset
495 687 739 753 petituri)
787 685 863 734 M.
919 685 1106 734 Marcio
1159 684 1355 750 praetori

51 757 225 823 prioris
267 755 377 802 anni
410 771 519 802 cum
549 755 752 802 totidem
793 754 995 801 navibus
1029 753 1210 801 tuenda
1247 752 1359 800 data

51 821 120 873 est
151 840 162 871 ε
194 824 283 871 tria
318 821 467 870 millia
499 821 698 870 militum
735 823 784 868 in
820 838 925 869 eam
953 819 1140 869 classem
1175 832 1236 869 ex
1272 819 1357 868 de-

47 904 186 940 creto
214 889 405 939 Patrum
436 887 655 938 consules
689 886 1000 956 scripserunt,
1035 890 1088 937 ἃ
1131 888 1247 936 duas
1281 887 1356 936 le-

50 961 219 1026 giones
256 958 456 1006 urbanas
496 959 555 1005 ad
587 959 766 1006 incerta
799 957 928 1006 belli.
964 955 1205 1023 Hispaniae
1240 971 1356 1004 cum

51 1026 343 1076 exercitibus
394 1027 700 1091 imperioque
746 1026 990 1074 veteribus
1045 1024 1354 1091 imperatori-

51 1094 141 1144 bus
162 1133 176 1155 ,
203 1090 256 1143 L.
290 1093 493 1142 Lentulo
522 1095 574 1144 δι
604 1093 658 1142 L.
688 1092 873 1142 Manlio
910 1092 1121 1141 Acidino
1141 1129 1156 1150 ,
1189 1091 1354 1141 decre-

51 1176 130 1212 tae.
162 1161 348 1228 Viginti
381 1163 581 1210 omnino
621 1161 893 1227 legionibus
914 1197 927 1216 ‚
960 1161 1014 1209 &
1052 1174 1246 1210 centum
1278 1158 1352 1209 se·
1373 1178 1566 1238 Legi-om,

54 1248 114 1280 xa
151 1232 248 1277 inta
289 1229 493 1278 navibus
531 1227 686 1296 longis
735 1245 810 1276 res
853 1228 1075 1278 Romana
1124 1245 1184 1277 eo
1228 1245 1353 1277 anno
1377 1257 1457 1294 20,
1490 1258 1570 1285 na-

85 1247 194 1347 effia.
224 1296 457 1346 Praetores
486 1298 534 1345 in
568 1298 839 1362 provincias
877 1297 946 1345 ire
979 1294 1098 1356 iuffi.
1134 1294 1567 1349 Consuli-ve5160.

51 1316 141 1416 {us
177 1366 501 1432 imperatum,
531 1363 801 1431 priusquam
836 1364 894 1414 ab
928 1365 1047 1413 urbe
1080 1363 1355 1432 proficisce-

53 1449 216 1483 rentur
253 1472 265 1491 ‚
320 1433 459 1482 ludos
518 1432 726 1501 Magnos
778 1431 993 1482 facerent
1031 1468 1045 1492 ,
1108 1449 1229 1499 quos
1288 1430 1357 1483 T.

54 1500 264 1552 Manlius
294 1500 572 1568 Torquatus
607 1500 805 1550 diPrator
841 1504 886 1550 in
922 1501 1143 1568 quintum
1176 1517 1357 1549 annum

53 1568 297 1627 vovisset,
343 1567 377 1617 fi
422 1570 600 1618 eodem
648 1568 767 1618 statu
811 1568 930 1635 resp.
967 1567 1122 1617 staret.
1167 1568 1226 1617 Et
1269 1586 1360 1617 no-

56 1656 143 1687 vas
195 1638 450 1705 religiones
495 1638 762 1687 excitabant
803 1639 853 1686 in
902 1639 1069 1686 animis
1108 1638 1359 1686 hominum

58 1707 281 1772 prodigia
331 1722 390 1753 ex
437 1704 650 1772 pluribus
701 1705 818 1754 locis
878 1707 1114 1754 nunciata.
1171 1705 1360 1753 Aurum
1427 1699 1574 1741 Prodi-

56 1774 114 1822 in
154 1770 402 1840 Capitolio
461 1776 599 1823 corvi
646 1791 745 1822 non
791 1772 1008 1822 lacerasse
1054 1773 1237 1821 tantum
1282 1791 1360 1821 ro·
1377 1767 1461 1823 gia.

57 1839 161 1891 stris
211 1841 412 1901 crediti,
465 1840 547 1891 sed
599 1844 741 1890 etiam
786 1839 945 1890 ediffe.
997 1840 1165 1889 Mures
1219 1840 1358 1890 Antii

58 1927 291 1959 coronam
318 1925 509 1958 auream
547 1909 778 1959 arrosere.
819 1908 961 1960 Circa
993 1907 1211 1975 Capuam
1248 1925 1361 1958 om-

55 1995 169 2026 nem
202 1994 369 2044 agrum
407 1977 696 2027 locustarum
731 1979 805 2027 vis
848 1980 1013 2045 ingens
1038 2016 1051 2039 ,
1089 1980 1152 2025 ita
1183 1992 1234 2025 ut
1271 1994 1363 2025 un-

57 2046 119 2094 de
180 2042 478 2094 advenissent
533 2063 702 2113 parum
749 2045 1022 2104 constaret,
1073 2045 1366 2112 complevit.

61 2112 308 2180 Equuleus
348 2112 504 2162 Reate
550 2131 661 2163 curn
705 2116 914 2181 quinque
962 2114 1166 2180 pedibus
1213 2129 1368 2164 natus.

62 2182 298 2249 Anagniae
340 2179 478 2248 sparsi
519 2183 728 2248 primum
771 2184 995 2249 ignesin
1042 2184 1210 2238 coelo,
1252 2182 1368 2231 dein

57 2247 138 2297 fax
189 2252 356 2316 ingens
402 2248 527 2300 arfit.
569 2249 830 2299 Frusinone
870 2269 1009 2308 arcus,
1045 2250 1195 2299 solem
1233 2250 1368 2298 tenui

59 2317 189 2366 linea
238 2319 487 2377 amplexus
533 2317 644 2376 est3
706 2319 934 2367 circulum
992 2318 1167 2368 deinde
1211 2316 1368 2382 ipsum

58 2384 216 2451 major
263 2383 372 2435 solis
423 2387 555 2434 orbis
609 2384 899 2436 extrinsecus
951 2386 1149 2436 inclusit.
1194 2385 1369 2453 Arpini

133 2550 151 2589 5
209 2539 280 2578 Cn.
328 2535 492 2578 Oc‘lavio
535 2540 690 2593 praetori
751 2537 910 2587 fuerat,
936 2537 1159 2582 Sardiniam
1178 2547 1274 2579 tunc
1293 2535 1378 2580 sot·

68 2599 161 2640 item
175 2602 316 2654 prioris
327 2603 450 2655 anni]
466 2599 544 2643 Cn.
562 2600 691 2641 Ofia-
754 2601 871 2645 titus.

68 2660 160 2715 yius
195 2671 347 2717 praetor
389 2661 556 2706 biennio
597 2661 692 2705 ante

1052 2719 1175 2790 ij
