1649 3104
300 139 419 203 374
662 117 1188 185 ‘T.LIVI1

93 215 288 283 (Le-549·
370 220 528 274 XIX.
565 220 719 290 Mago
767 223 1003 291 proximae
1052 221 1204 273 ηοὲὶίε
1254 220 1444 274 filentio
1494 234 1621 292 proi.

92 273 454 370 “fflcffifefirus
476 330 492 351 ,
527 307 761 358 quantum
799 292 898 358 pati
927 292 1021 339 viae
1055 307 1143 357 per
1174 291 1347 342 vulnus
1384 306 1624 358 poterat„

96 345 287 444 'affusagii
308 358 406 426 (4)
430 360 678 409 itineribus
713 360 919 409 extentis
940 395 953 417 ,
980 359 1040 406 ad
1068 376 1199 409 mare
1233 362 1280 408 in
1305 358 1507 427 Ligures
1534 360 1621 409 In·.

86 404 273 504 'Africam
306 445 488 496 gaunos
523 429 783 495 pervenit:
809 426 876 474 ibi
907 434 1020 475 eum
1049 426 1191 494 legati
1223 428 1283 476 ab
1319 425 1612 495 Carthagine

92 517 225 561 redire.
303 499 467 564 paucis
504 496 613 545 ant*e
646 495 815 546 diebus
850 495 898 542 in
933 492 1086 543 finum
1121 494 1366 545 Gallicum
1402 494 1610 562 appulsls

300 565 504 615 navibus
562 564 780 613 adierunt
814 599 829 622 ,
876 560 1098 627 jubentes
1129 601 1141 620 ‚
1195 564 1356 630 primo
1411 580 1609 629 quoque

299 648 526 699 tempore
555 670 570 693 ‚
616 634 664 680 in
715 629 931 680 Africam
979 628 1216 696 trajicere.
1257 632 1378 680 Idem
1413 631 1459 679 6²
1497 630 1610 697 fta·-

301 716 407 750 trem
452 698 544 767 ejus
579 699 853 748 Annibalem
884 697 1026 765 (nam
1069 701 1133 747 ad
1175 717 1269 747 eum
1311 717 1478 765 quoque
1528 698 1607 765 ff

300 769 471 837 legatos
510 769 657 816 eadem
682 764 927 832 jubentes)
948 765 1182 833 fallarum.
1211 769 1323 816 Non
1354 768 1400 816 in
1439 785 1487 815 eo
1524 766 1607 833 effi

301 836 720 903 Carthaginiensium
766 853 832 882 res
854 872 871 892 ,
912 848 960 882 ut
1001 834 1205 883 Galliam
1249 850 1379 901 atque
1421 835 1608 884 Italiam

297 906 436 953 armis
470 905 707 953 obtineant.
748 902 933 969 Mago,
969 920 1068 951 non
1101 904 1310 970 imperio
1348 903 1500 953 modo
1532 901 1608 952 se-

296 971 435 1021 natus
471 973 790 1039 periculoque
827 971 992 1037 patriae
1025 985 1185 1020 motus
1208 1007 1224 1029 ,
1259 968 1342 1020 sed
1383 986 1608 1022 metuens

298 1042 442 1088 etiam
469 1078 481 1096 ,
514 1056 576 1088 ne
623 1040 779 1088 νίἑὶοτ
819 1037 966 1088 hostis
1010 1040 1216 1088 moranti
1257 1036 1447 1089 instaret
1474 1075 1489 1099 ,
1525 1037 1608 1089 Li-

297 1106 532 1175 guresque
575 1107 662 1174 ipsi
704 1108 912 1174 relinqui
946 1105 1133 1155 Italiam
1163 1124 1189 1155 a
1217 1105 1378 1156 Poenis
1409 1123 1605 1157 cernen-

208 1232 212 1234 ,
296 1188 398 1233 tes,
429 1176 489 1225 ad
520 1193 605 1225 eos
640 1194 847 1242 quorum
877 1193 994 1224 mox
1023 1177 1072 1223 in
1098 1173 1337 1241 potestate
1363 1173 1507 1224 futuri
1535 1173 1604 1225 es-

86 1243 138 1287 'In
158 1247 274 1287 navi·
296 1243 437 1305 sent,
484 1242 794 1305 deficerent3
842 1241 978 1292 fimul
1029 1243 1219 1308 sperans
1267 1244 1500 1293 leniorem
1552 1245 1604 1293 in

83 1312 246 1380 gatiam
296 1313 604 1380 navigatione
627 1351 638 1370 ,
676 1314 822 1379 quam
857 1313 905 1359 in
937 1312 1017 1360 via
1050 1309 1355 1374 ia&ationem
1391 1312 1606 1363 vulneris

84 1384 259 1427 {mmm-
296 1380 403 1430 fore
425 1417 438 1441 ,
473 1382 526 1432 &
563 1382 797 1430 curationi
831 1381 994 1430 omnia
1031 1380 1367 1429 commodiora
1390 1416 1406 1439 ,
1439 1381 1607 1446 impo-

296 1449 394 1498 fitis
429 1450 582 1514 copiis
614 1450 661 1497 in
682 1466 831 1497 naves
861 1446 1101 1515 profeElus
1123 1485 1137 1508 ‚
1161 1448 1364 1497 vixdum
1386 1447 1606 1515 superata

295 1517 548 1575 Sardinia,
589 1534 648 1565 ex
694 1517 894 1567 vulnere
941 1517 1143 1566 moritur
1172 1534 1360 1566 :naves
1407 1533 1604 1584 quoque

293 1585 480 1654 aliquot
527 1585 790 1635 Poenorum
838 1584 1049 1651 disjefi‘sae
1102 1587 1150 1633 in
1203 1584 1302 1634 alto
1334 1621 1348 1645 ,
1395 1603 1421 1633 a
1465 1582 1604 1634 classe

292 1655 519 1705 Romana
549 1692 566 1714 ‚
607 1672 713 1721 quae
757 1656 880 1703 circa
926 1652 1190 1703 Sardiniam
1237 1668 1375 1711 erat,
1411 1655 1609 1720 capiun-

291 1739 388 1773 tur.
433 1723 551 1772 Haec
592 1722 720 1771 terra
760 1724 976 1789 marique
1014 1723 1062 1770 in
1109 1736 1244 1788 parte
1284 1720 1462 1779 Italiae,
1498 1738 1604 1787 quae

287 1790 416 1859 jacet
438 1792 497 1839 ad
526 1790 680 1856 Alpes
700 1829 714 1849 ,
745 1789 888 1858 gesta.
918 1789 1103 1840 Consul
1126 1788 1184 1839 C.
1210 1789 1439 1839 Servilius
1456 1827 1473 1848 ,
1494 1789 1606 1837 nul-

288 1861 337 1911 Ιέι
368 1860 675 1909 memorabili
701 1877 749 1909 re
790 1861 838 1908 in
868 1860 1120 1926 provincia
1148 1858 1335 1907 Etruria
1354 1896 1367 1915 ‚
1399 1859 1452 1908 &
1482 1856 1604 1908 Gal-

286 1931 352 1979 lia
384 1928 485 1994 (5)
520 1928 538 1994 (
568 1946 677 1976 nam
724 1928 784 1977 eo
821 1944 1017 1994 quoque
1059 1925 1347 1993 procefferat
1374 1925 1394 1991 )
1435 1923 1562 1993 gesta
1584 1961 1601 1983 ,

274 2006 425 2066 ‘patre
457 1995 518 2048 C.
549 1995 757 2046 Servilio
778 2035 793 2054 ‚
825 1998 878 2048 &
911 1995 1007 2063 (6)
1045 1995 1103 2045 C.
1138 1995 1329 2043 Lutatio
1367 2011 1426 2042 ex
1460 1992 1605 2044 servi·

285 2107 512 2165 equitatum
530 2107 759 2148 Romanum
780 2110 917 2149 turba·
979 2105 1212 2148 constanter
1230 2107 1384 2147 habent
1404 2106 1503 2146 editi
1525 2119 1602 2148 ve-

285 2181 434 2215 verant
490 2171 701 2224 elephanti
735 2185 746 2212 :
777 2171 915 2226 itaque
979 2180 1092 2210 teres
1116 2185 1127 2217 ;
1154 2169 1313 2223 vulgati
1340 2171 1539 2222 quoniam.

287 2247 380 2277 eam
416 2233 681 2274 servavimus.
1041 2233 1066 2272 6
1114 2234 1157 2271 C.
1191 2229 1397 2283 Lutatio]
1439 2231 1604 2271 Addunt

347 2310 378 2348 4
427 2293 637 2335 Irinerihus
692 2296 862 2335 extentis
891 2295 907 2348 ]
977 2292 1286 2349 vulgz-tipatruo
1302 2307 1310 2332 ε
1329 2293 1395 2332 sed
1416 2292 1602 2334 Lutatius

287 2359 428 2414 Quum
460 2358 604 2397 itinera
637 2355 914 2404 extendissem
981 2356 1143 2397 Servi¹ii
1185 2366 1354 2409 patruus
1394 2354 1473 2394 effe
1517 2368 1602 2394 non

288 2436 413 2476 quum
442 2419 604 2474 singulis
640 2418 783 2458 diebus
813 2420 916 2457 mul-
981 2419 1118 2472 potuit
1138 2449 1144 2460 ,
1172 2416 1239 2457 nisi
1259 2416 1284 2457 fi
1308 2417 1480 2457 Catulus
1498 2447 1509 2466 ,
1531 2416 1600 2456 vel

289 2493 378 2524 tum
434 2480 593 2522 itineris
640 2480 880 2521 confecisset
903 2512 915 2531 ,
982 2490 1098 2534 pater
1122 2480 1298 2520 consulis
1328 2481 1368 2519 in
1396 2479 1510 2519 aliam
1539 2478 1599 2517 fa-

290 2554 486 2600 quantum
527 2554 665 2583 tamen
706 2542 780 2584 viae
823 2556 916 2583 eum
980 2544 1128 2583 miliam
1167 2542 1392 2595 adoptione
1430 2539 1600 2579 transie-

291 2608 377 2662 pati
414 2606 568 2646 sinebat
598 2607 762 2648 vulnus,
979 2616 1107 2651 rant;
1147 2606 1311 2645 nomina
1349 2603 1453 2643 enim
1492 2603 1601 2643 inter

354 2662 383 2725 v5
420 2668 532 2709 Nam
563 2668 607 2709 εὸ
642 2669 822 2726 quoque]
850 2667 917 2710 Sic
980 2667 1022 2709 se
1060 2665 1453 2710 differuntznodum
1490 2664 1601 2708 hune
