<?xml version="1.0" encoding="UTF-8"?>
<!DOCTYPE html PUBLIC "-//W3C//DTD XHTML 1.0 Transitional//EN"
    "http://www.w3.org/TR/xhtml1/DTD/xhtml1-transitional.dtd">
<html xmlns="http://www.w3.org/1999/xhtml" xml:lang="en" lang="en">
 <head>
  <title>
</title>
<meta http-equiv="Content-Type" content="text/html;charset=utf-8" />
  <meta name='ocr-system' content='tesseract 3.04.00' />
  <meta name='ocr-capabilities' content='ocr_page ocr_carea ocr_par ocr_line ocrx_word'/>
</head>
<body>
  <div class='ocr_page' id='page_1' title='image "./tliviipatavinihi0202livy_0392.png"; bbox 0 0 1649 3104; ppageno 0'>
   <div class='ocr_carea' id='block_1_1' title="bbox 295 68 1223 201">
    <p class='ocr_par' dir='ltr' id='par_1_1' title="bbox 295 68 1223 201">
     <span class='ocr_line' id='line_1_1' title="bbox 295 68 1223 201; baseline -0.002 -20"><span class='ocrx_word' id='word_1_1' title='bbox 295 90 409 201; x_wconf 73' lang='lat'><em>386</em></span> <span class='ocrx_word' id='word_1_2' title='bbox 697 120 770 180; x_wconf 87' lang='lat' dir='ltr'><em>T.</em></span> <span class='ocrx_word' id='word_1_3' title='bbox 831 68 1223 180; x_wconf 51' lang='grc' dir='ltr'>ἱῑνῐῐ.</span> 
     </span>
    </p>
   </div>
   <div class='ocr_carea' id='block_1_2' title="bbox 82 215 1604 355">
    <p class='ocr_par' dir='ltr' id='par_1_2' title="bbox 82 215 1604 355">
     <span class='ocr_line' id='line_1_2' title="bbox 84 215 1604 289; baseline 0.005 -25"><span class='ocrx_word' id='word_1_4' title='bbox 84 215 274 264; x_wconf 55' lang='lat' dir='ltr'><em>(Le-550·</em></span> <span class='ocrx_word' id='word_1_5' title='bbox 293 235 376 268; x_wconf 82' lang='lat' dir='ltr'><em>aut</em></span> <span class='ocrx_word' id='word_1_6' title='bbox 403 236 499 268; x_wconf 84' lang='lat' dir='ltr'><em>cum</em></span> <span class='ocrx_word' id='word_1_7' title='bbox 527 221 737 286; x_wconf 78' lang='lat' dir='ltr'><em>Syphace</em></span> <span class='ocrx_word' id='word_1_8' title='bbox 759 221 992 268; x_wconf 73' lang='lat' dir='ltr'><em>incondita:</em></span> <span class='ocrx_word' id='word_1_9' title='bbox 1023 221 1236 277; x_wconf 75' lang='lat' dir='ltr'><em>barbaria:</em></span> <span class='ocrx_word' id='word_1_10' title='bbox 1261 237 1385 288; x_wconf 80' lang='lat' dir='ltr'><em>rege,</em></span> <span class='ocrx_word' id='word_1_11' title='bbox 1409 219 1500 289; x_wconf 88' lang='lat'><em>(5)</em></span> <span class='ocrx_word' id='word_1_12' title='bbox 1529 219 1604 272; x_wconf 77' lang='grc' dir='ltr'><em>σαὶ</em></span> 
     </span>
     <span class='ocr_line' id='line_1_3' title="bbox 82 269 1600 355; baseline 0.001 -19"><span class='ocrx_word' id='word_1_13' title='bbox 82 269 276 316; x_wconf 69' lang='lat' dir='ltr'>³·C&#39;202·</span> <span class='ocrx_word' id='word_1_14' title='bbox 293 290 523 336; x_wconf 74' lang='lat' dir='ltr'><em>Statorius</em></span> <span class='ocrx_word' id='word_1_15' title='bbox 565 289 777 354; x_wconf 70' lang='lat' dir='ltr'><em>semilixa</em></span> <span class='ocrx_word' id='word_1_16' title='bbox 827 291 980 336; x_wconf 74' lang='lat' dir='ltr'><em>ducere</em></span> <span class='ocrx_word' id='word_1_17' title='bbox 1041 290 1256 336; x_wconf 81' lang='lat' dir='ltr'><em>exercitus</em></span> <span class='ocrx_word' id='word_1_18' title='bbox 1296 289 1461 354; x_wconf 81' lang='lat' dir='ltr'><em>solitus</em></span> <span class='ocrx_word' id='word_1_19' title='bbox 1500 292 1565 355; x_wconf 82' lang='lat' dir='ltr'><em>fit</em></span> <span class='ocrx_word' id='word_1_20' title='bbox 1583 327 1600 349; x_wconf 93' lang='lat'>,</span> 
     </span>
    </p>
   </div>
   <div class='ocr_carea' id='block_1_3' title="bbox 275 354 1626 2267">
    <p class='ocr_par' dir='ltr' id='par_1_3' title="bbox 275 354 1626 2267">
     <span class='ocr_line' id='line_1_4' title="bbox 294 354 1602 423; baseline 0.002 -19"><span class='ocrx_word' id='word_1_21' title='bbox 294 371 376 404; x_wconf 85' lang='lat' dir='ltr'><em>aut</em></span> <span class='ocrx_word' id='word_1_22' title='bbox 411 375 507 405; x_wconf 72' lang='lat' dir='ltr'><em>cum</em></span> <span class='ocrx_word' id='word_1_23' title='bbox 529 357 683 421; x_wconf 86' lang='lat' dir='ltr'><em>socero</em></span> <span class='ocrx_word' id='word_1_24' title='bbox 714 354 807 422; x_wconf 86' lang='lat' dir='ltr'><em>ejus</em></span> <span class='ocrx_word' id='word_1_25' title='bbox 839 355 1095 420; x_wconf 78' lang='lat' dir='ltr'><em>Afilrubale</em></span> <span class='ocrx_word' id='word_1_26' title='bbox 1110 393 1126 413; x_wconf 84' lang='lat'><em>,</em></span> <span class='ocrx_word' id='word_1_27' title='bbox 1147 355 1426 423; x_wconf 70' lang='lat' dir='ltr'><em>fitgaciffirno</em></span> <span class='ocrx_word' id='word_1_28' title='bbox 1457 358 1602 416; x_wconf 86' lang='lat' dir='ltr'><em>duce,</em></span> 
     </span>
     <span class='ocr_line' id='line_1_5' title="bbox 287 422 1601 489; baseline 0 -16"><span class='ocrx_word' id='word_1_29' title='bbox 287 443 374 473; x_wconf 83' lang='lat' dir='ltr'><em>rem</em></span> <span class='ocrx_word' id='word_1_30' title='bbox 417 422 620 489; x_wconf 63' lang='lat' dir='ltr'><em>futuram</em></span> <span class='ocrx_word' id='word_1_31' title='bbox 648 461 664 482; x_wconf 89' lang='lat'>,</span> <span class='ocrx_word' id='word_1_32' title='bbox 717 439 798 472; x_wconf 84' lang='lat' dir='ltr'><em>aut</em></span> <span class='ocrx_word' id='word_1_33' title='bbox 844 423 1142 472; x_wconf 83' lang='lat' dir='ltr'><em>tumultuariis</em></span> <span class='ocrx_word' id='word_1_34' title='bbox 1197 427 1460 473; x_wconf 83' lang='lat' dir='ltr'><em>exercitibus</em></span> <span class='ocrx_word' id='word_1_35' title='bbox 1482 462 1498 483; x_wconf 91' lang='lat'>,</span> <span class='ocrx_word' id='word_1_36' title='bbox 1544 443 1601 473; x_wconf 87' lang='lat' dir='ltr'><em>ex</em></span> 
     </span>
     <span class='ocr_line' id='line_1_6' title="bbox 285 491 1599 559; baseline 0.001 -18"><span class='ocrx_word' id='word_1_37' title='bbox 285 494 515 559; x_wconf 58' lang='lat' dir='ltr'><em>agrestium</em></span> <span class='ocrx_word' id='word_1_38' title='bbox 540 494 759 559; x_wconf 71' lang='lat' dir='ltr'><em>semiermi</em></span> <span class='ocrx_word' id='word_1_39' title='bbox 790 492 917 539; x_wconf 79' lang='lat' dir='ltr'><em>turba</em></span> <span class='ocrx_word' id='word_1_40' title='bbox 947 491 1098 556; x_wconf 75' lang='lat' dir='ltr'><em>subito</em></span> <span class='ocrx_word' id='word_1_41' title='bbox 1126 493 1313 541; x_wconf 65' lang='lat' dir='ltr'><em>colleais</em></span> <span class='ocrx_word' id='word_1_42' title='bbox 1345 511 1358 541; x_wconf 91' lang='lat'><em>.·</em></span> <span class='ocrx_word' id='word_1_43' title='bbox 1379 493 1465 559; x_wconf 83' lang='lat' dir='ltr'><em>sed</em></span> <span class='ocrx_word' id='word_1_44' title='bbox 1502 512 1599 542; x_wconf 86' lang='lat' dir='ltr'><em>cum</em></span> 
     </span>
     <span class='ocr_line' id='line_1_7' title="bbox 287 559 1600 628; baseline 0.002 -21"><span class='ocrx_word' id='word_1_45' title='bbox 287 561 518 612; x_wconf 78' lang='lat' dir='ltr'><em>Annibale</em></span> <span class='ocrx_word' id='word_1_46' title='bbox 539 598 553 618; x_wconf 89' lang='lat'>‚</span> <span class='ocrx_word' id='word_1_47' title='bbox 585 578 724 626; x_wconf 80' lang='lat' dir='ltr'><em>prope</em></span> <span class='ocrx_word' id='word_1_48' title='bbox 768 573 873 606; x_wconf 91' lang='lat' dir='ltr'><em>nato</em></span> <span class='ocrx_word' id='word_1_49' title='bbox 920 560 965 606; x_wconf 91' lang='lat' dir='ltr'><em>in</em></span> <span class='ocrx_word' id='word_1_50' title='bbox 1000 561 1208 624; x_wconf 64' lang='lat' dir='ltr'><em>praetorio</em></span> <span class='ocrx_word' id='word_1_51' title='bbox 1255 563 1404 626; x_wconf 86' lang='lat' dir='ltr'><em>patris</em></span> <span class='ocrx_word' id='word_1_52' title='bbox 1435 559 1600 628; x_wconf 70' lang='lat' dir='ltr'><em>fortif-</em></span> 
     </span>
     <span class='ocr_line' id='line_1_8' title="bbox 275 628 1596 696; baseline 0 -19"><span class='ocrx_word' id='word_1_53' title='bbox 275 630 382 696; x_wconf 84' lang='lat' dir='ltr'><em>fimi</em></span> <span class='ocrx_word' id='word_1_54' title='bbox 421 630 546 676; x_wconf 83' lang='lat' dir='ltr'><em>ducis</em></span> <span class='ocrx_word' id='word_1_55' title='bbox 566 664 581 684; x_wconf 83' lang='lat'><strong><em>,</em></strong></span> <span class='ocrx_word' id='word_1_56' title='bbox 610 628 721 674; x_wconf 85' lang='lat' dir='ltr'><em>alito</em></span> <span class='ocrx_word' id='word_1_57' title='bbox 751 642 881 692; x_wconf 86' lang='lat' dir='ltr'><em>atque</em></span> <span class='ocrx_word' id='word_1_58' title='bbox 914 629 1098 675; x_wconf 86' lang='lat' dir='ltr'><em>educato</em></span> <span class='ocrx_word' id='word_1_59' title='bbox 1129 629 1241 676; x_wconf 87' lang='lat' dir='ltr'><em>inter</em></span> <span class='ocrx_word' id='word_1_60' title='bbox 1268 647 1431 687; x_wconf 89' lang='lat' dir='ltr'><em>arma,·</em></span> <span class='ocrx_word' id='word_1_61' title='bbox 1458 648 1596 695; x_wconf 86' lang='lat' dir='ltr'><em>puero</em></span> 
     </span>
     <span class='ocr_line' id='line_1_9' title="bbox 285 692 1626 764; baseline 0.003 -20"><span class='ocrx_word' id='word_1_62' title='bbox 285 699 506 762; x_wconf 82' lang='lat' dir='ltr'><em>quondam</em></span> <span class='ocrx_word' id='word_1_63' title='bbox 546 696 683 744; x_wconf 82' lang='lat' dir='ltr'><em>milite</em></span> <span class='ocrx_word' id='word_1_64' title='bbox 704 732 718 755; x_wconf 86' lang='lat'><strong>,</strong></span> <span class='ocrx_word' id='word_1_65' title='bbox 752 696 940 743; x_wconf 74' lang='lat' dir='ltr'><em>vixdum</em></span> <span class='ocrx_word' id='word_1_66' title='bbox 968 692 1134 760; x_wconf 80' lang='lat' dir='ltr'><em>juvene</em></span> <span class='ocrx_word' id='word_1_67' title='bbox 1183 697 1440 762; x_wconf 81' lang='lat' dir='ltr'><em>imperatore</em></span> <span class='ocrx_word' id='word_1_68' title='bbox 1459 716 1481 755; x_wconf 90' lang='lat'><em>;</em></span> <span class='ocrx_word' id='word_1_69' title='bbox 1514 696 1626 764; x_wconf 88' lang='lat'><em>(6)</em></span> 
     </span>
     <span class='ocr_line' id='line_1_10' title="bbox 286 762 1612 831; baseline 0 -19"><span class='ocrx_word' id='word_1_70' title='bbox 286 767 362 831; x_wconf 84' lang='lat' dir='ltr'><em>qui</em></span> <span class='ocrx_word' id='word_1_71' title='bbox 394 766 534 830; x_wconf 74' lang='lat' dir='ltr'><em>finex</em></span> <span class='ocrx_word' id='word_1_72' title='bbox 578 765 793 812; x_wconf 72' lang='lat' dir='ltr'><em>vincendo</em></span> <span class='ocrx_word' id='word_1_73' title='bbox 826 762 975 829; x_wconf 65' lang='lat' dir='ltr'><em>fizblus</em></span> <span class='ocrx_word' id='word_1_74' title='bbox 995 800 1012 820; x_wconf 93' lang='lat'><em>,</em></span> <span class='ocrx_word' id='word_1_75' title='bbox 1047 763 1338 830; x_wconf 65' lang='lat' dir='ltr'><em>Hispanias,</em></span> <span class='ocrx_word' id='word_1_76' title='bbox 1379 764 1612 827; x_wconf 42' lang='lat' dir='ltr'><em>Galliasj</em></span> 
     </span>
     <span class='ocr_line' id='line_1_11' title="bbox 285 828 1598 900; baseline 0.001 -20"><span class='ocrx_word' id='word_1_77' title='bbox 285 833 471 886; x_wconf 77' lang='lat' dir='ltr'><em>Italiam</em></span> <span class='ocrx_word' id='word_1_78' title='bbox 503 832 559 879; x_wconf 92' lang='lat' dir='ltr'><em>ab</em></span> <span class='ocrx_word' id='word_1_79' title='bbox 593 832 792 898; x_wconf 83' lang='lat' dir='ltr'><em>Alpibus</em></span> <span class='ocrx_word' id='word_1_80' title='bbox 827 833 892 879; x_wconf 88' lang='lat' dir='ltr'><em>ad</em></span> <span class='ocrx_word' id='word_1_81' title='bbox 925 828 1091 896; x_wconf 79' lang='lat' dir='ltr'><em>fretum</em></span> <span class='ocrx_word' id='word_1_82' title='bbox 1128 835 1414 881; x_wconf 72' lang='lat' dir='ltr'><em>monumentis</em></span> <span class='ocrx_word' id='word_1_83' title='bbox 1450 835 1598 900; x_wconf 75' lang='lat' dir='ltr'><em>ingen-</em></span> 
     </span>
     <span class='ocr_line' id='line_1_12' title="bbox 287 898 1598 967; baseline 0.001 -18"><span class='ocrx_word' id='word_1_84' title='bbox 287 904 398 949; x_wconf 83' lang='lat' dir='ltr'><em>tium</em></span> <span class='ocrx_word' id='word_1_85' title='bbox 441 918 577 948; x_wconf 82' lang='lat' dir='ltr'><em>rerum</em></span> <span class='ocrx_word' id='word_1_86' title='bbox 611 898 858 966; x_wconf 72' lang='lat' dir='ltr'><em>compleffet</em></span> <span class='ocrx_word' id='word_1_87' title='bbox 889 901 1100 948; x_wconf 82' lang='lat' dir='ltr'><em>:duceret</em></span> <span class='ocrx_word' id='word_1_88' title='bbox 1125 902 1358 949; x_wconf 78' lang='lat' dir='ltr'><em>exercitum</em></span> <span class='ocrx_word' id='word_1_89' title='bbox 1390 901 1598 967; x_wconf 82' lang='lat' dir='ltr'><em>aequalem</em></span> 
     </span>
     <span class='ocr_line' id='line_1_13' title="bbox 278 967 1601 1038; baseline 0.001 -22"><span class='ocrx_word' id='word_1_90' title='bbox 278 970 513 1038; x_wconf 76' lang='lat' dir='ltr'><em>stipendiis</em></span> <span class='ocrx_word' id='word_1_91' title='bbox 549 967 650 1033; x_wconf 78' lang='lat' dir='ltr'><em>ficis</em></span> <span class='ocrx_word' id='word_1_92' title='bbox 671 1005 685 1027; x_wconf 78' lang='lat'>,</span> <span class='ocrx_word' id='word_1_93' title='bbox 709 970 912 1016; x_wconf 78' lang='lat' dir='ltr'><em>duratum</em></span> <span class='ocrx_word' id='word_1_94' title='bbox 945 970 1134 1016; x_wconf 78' lang='lat' dir='ltr'><em>omnium</em></span> <span class='ocrx_word' id='word_1_95' title='bbox 1171 987 1307 1016; x_wconf 80' lang='lat' dir='ltr'><em>rerum</em></span> <span class='ocrx_word' id='word_1_96' title='bbox 1346 969 1571 1034; x_wconf 72' lang='lat' dir='ltr'><em>patientia¹</em></span> <span class='ocrx_word' id='word_1_97' title='bbox 1583 1007 1601 1029; x_wconf 92' lang='lat'>,</span> 
     </span>
     <span class='ocr_line' id='line_1_14' title="bbox 276 1035 1597 1102; baseline 0.002 -18"><span class='ocrx_word' id='word_1_98' title='bbox 276 1037 401 1102; x_wconf 54' lang='lat' dir='ltr'><em>‘quas</em></span> <span class='ocrx_word' id='word_1_99' title='bbox 431 1038 513 1084; x_wconf 77' lang='lat' dir='ltr'><em>vix</em></span> <span class='ocrx_word' id='word_1_100' title='bbox 536 1037 656 1099; x_wconf 82' lang='lat' dir='ltr'><em>fides</em></span> <span class='ocrx_word' id='word_1_101' title='bbox 675 1037 770 1100; x_wconf 86' lang='lat' dir='ltr'><em>fiat</em></span> <span class='ocrx_word' id='word_1_102' title='bbox 797 1037 991 1083; x_wconf 78' lang='lat' dir='ltr'><em>homines</em></span> <span class='ocrx_word' id='word_1_103' title='bbox 1016 1035 1169 1102; x_wconf 81' lang='lat' dir='ltr'><em>paſjbs</em></span> <span class='ocrx_word' id='word_1_104' title='bbox 1190 1054 1212 1094; x_wconf 90' lang='lat'><em>;</em></span> <span class='ocrx_word' id='word_1_105' title='bbox 1238 1035 1464 1102; x_wconf 75' lang='lat' dir='ltr'><em>perfitfitm</em></span> <span class='ocrx_word' id='word_1_106' title='bbox 1489 1039 1597 1086; x_wconf 84' lang='lat' dir='ltr'><em>mil-</em></span> 
     </span>
     <span class='ocr_line' id='line_1_15' title="bbox 288 1104 1596 1167; baseline 0 -14"><span class='ocrx_word' id='word_1_107' title='bbox 288 1105 371 1155; x_wconf 85' lang='lat' dir='ltr'><em>lies</em></span> <span class='ocrx_word' id='word_1_108' title='bbox 400 1122 549 1152; x_wconf 85' lang='lat' dir='ltr'><em>cruore</em></span> <span class='ocrx_word' id='word_1_109' title='bbox 572 1106 776 1151; x_wconf 86' lang='lat' dir='ltr'><em>Romano</em></span> <span class='ocrx_word' id='word_1_110' title='bbox 795 1122 816 1162; x_wconf 88' lang='grc'><em>,·</em></span> <span class='ocrx_word' id='word_1_111' title='bbox 843 1104 1031 1151; x_wconf 81' lang='lat' dir='ltr'><em>exuvias</em></span> <span class='ocrx_word' id='word_1_112' title='bbox 1055 1122 1141 1151; x_wconf 86' lang='lat' dir='ltr'><em>non</em></span> <span class='ocrx_word' id='word_1_113' title='bbox 1166 1104 1354 1152; x_wconf 84' lang='lat' dir='ltr'><em>militum</em></span> <span class='ocrx_word' id='word_1_114' title='bbox 1383 1105 1553 1153; x_wconf 68' lang='lat' dir='ltr'><em>tantum</em></span> <span class='ocrx_word' id='word_1_115' title='bbox 1579 1143 1596 1167; x_wconf 91' lang='lat'><em>‚</em></span> 
     </span>
     <span class='ocr_line' id='line_1_16' title="bbox 281 1173 1598 1244; baseline 0 -23"><span class='ocrx_word' id='word_1_116' title='bbox 281 1173 369 1244; x_wconf 84' lang='lat' dir='ltr'><em>sea&#39;</em></span> <span class='ocrx_word' id='word_1_117' title='bbox 398 1174 530 1221; x_wconf 89' lang='lat' dir='ltr'><em>etiam</em></span> <span class='ocrx_word' id='word_1_118' title='bbox 563 1173 870 1238; x_wconf 78' lang='lat' dir='ltr'><em>imperatorum</em></span> <span class='ocrx_word' id='word_1_119' title='bbox 891 1209 907 1230; x_wconf 88' lang='lat'><em>,</em></span> <span class='ocrx_word' id='word_1_120' title='bbox 934 1187 1199 1238; x_wconf 83' lang='lat' dir='ltr'><em>portantem.</em></span> <span class='ocrx_word' id='word_1_121' title='bbox 1232 1173 1409 1221; x_wconf 76' lang='lat' dir='ltr'><em>Multos</em></span> <span class='ocrx_word' id='word_1_122' title='bbox 1445 1191 1598 1221; x_wconf 86' lang='lat' dir='ltr'><em>occur-</em></span> 
     </span>
     <span class='ocr_line' id='line_1_17' title="bbox 281 1241 1600 1310; baseline -0.002 -19"><span class='ocrx_word' id='word_1_123' title='bbox 281 1242 416 1310; x_wconf 79' lang='lat' dir='ltr'><em>suros</em></span> <span class='ocrx_word' id='word_1_124' title='bbox 451 1241 656 1308; x_wconf 83' lang='lat' dir='ltr'><em>Scipioni</em></span> <span class='ocrx_word' id='word_1_125' title='bbox 684 1242 730 1288; x_wconf 87' lang='lat' dir='ltr'><em>in</em></span> <span class='ocrx_word' id='word_1_126' title='bbox 766 1243 861 1288; x_wconf 89' lang='lat' dir='ltr'><em>acie</em></span> <span class='ocrx_word' id='word_1_127' title='bbox 880 1277 896 1297; x_wconf 94' lang='lat'><strong><em>,</em></strong></span> <span class='ocrx_word' id='word_1_128' title='bbox 928 1242 1004 1305; x_wconf 85' lang='lat' dir='ltr'><em>qui</em></span> <span class='ocrx_word' id='word_1_129' title='bbox 1030 1256 1238 1306; x_wconf 82' lang='lat' dir='ltr'><em>praetores</em></span> <span class='ocrx_word' id='word_1_130' title='bbox 1258 1277 1274 1298; x_wconf 90' lang='lat'>,</span> <span class='ocrx_word' id='word_1_131' title='bbox 1306 1243 1381 1306; x_wconf 84' lang='lat' dir='ltr'><em>qui</em></span> <span class='ocrx_word' id='word_1_132' title='bbox 1413 1242 1600 1306; x_wconf 85' lang='lat' dir='ltr'><em>impera-</em></span> 
     </span>
     <span class='ocr_line' id='line_1_18' title="bbox 292 1308 1598 1377; baseline -0.001 -18"><span class='ocrx_word' id='word_1_133' title='bbox 292 1326 409 1361; x_wconf 84' lang='lat' dir='ltr'><em>tores</em></span> <span class='ocrx_word' id='word_1_134' title='bbox 427 1347 443 1368; x_wconf 91' lang='lat'>,</span> <span class='ocrx_word' id='word_1_135' title='bbox 479 1311 555 1375; x_wconf 82' lang='lat' dir='ltr'><em>qui</em></span> <span class='ocrx_word' id='word_1_136' title='bbox 575 1308 771 1374; x_wconf 80' lang='lat' dir='ltr'><em>confides</em></span> <span class='ocrx_word' id='word_1_137' title='bbox 791 1311 1019 1356; x_wconf 85' lang='lat' dir='ltr'><em>Romanos</em></span> <span class='ocrx_word' id='word_1_138' title='bbox 1043 1308 1134 1377; x_wconf 68' lang='lat' dir='ltr'><em>fita*</em></span> <span class='ocrx_word' id='word_1_139' title='bbox 1160 1327 1292 1357; x_wconf 87' lang='lat' dir='ltr'><em>manu</em></span> <span class='ocrx_word' id='word_1_140' title='bbox 1313 1308 1598 1375; x_wconf 66' lang='lat' dir='ltr'><em>occidiffent,</em></span> 
     </span>
     <span class='ocr_line' id='line_1_19' title="bbox 290 1376 1601 1445; baseline -0.002 -17"><span class='ocrx_word' id='word_1_141' title='bbox 290 1379 533 1430; x_wconf 82' lang='lat' dir='ltr'><em>muralibus</em></span> <span class='ocrx_word' id='word_1_142' title='bbox 568 1376 894 1442; x_wconf 77' lang='lat' dir='ltr'><em>vallaribusque</em></span> <span class='ocrx_word' id='word_1_143' title='bbox 924 1378 1109 1443; x_wconf 76' lang='lat' dir='ltr'><em>instgnes</em></span> <span class='ocrx_word' id='word_1_144' title='bbox 1147 1378 1350 1434; x_wconf 83' lang='lat' dir='ltr'><em>coronis,</em></span> <span class='ocrx_word' id='word_1_145' title='bbox 1372 1395 1601 1445; x_wconf 77' lang='lat' dir='ltr'><em>pervaga-</em></span> 
     </span>
     <span class='ocr_line' id='line_1_20' title="bbox 290 1444 1601 1513; baseline -0.003 -17"><span class='ocrx_word' id='word_1_146' title='bbox 290 1463 363 1496; x_wconf 86' lang='lat' dir='ltr'><em>tos</em></span> <span class='ocrx_word' id='word_1_147' title='bbox 395 1461 529 1513; x_wconf 83' lang='lat' dir='ltr'><em>capta</em></span> <span class='ocrx_word' id='word_1_148' title='bbox 563 1447 703 1512; x_wconf 87' lang='lat' dir='ltr'><em>castra</em></span> <span class='ocrx_word' id='word_1_149' title='bbox 721 1483 738 1504; x_wconf 88' lang='lat'><em>,</em></span> <span class='ocrx_word' id='word_1_150' title='bbox 768 1460 925 1511; x_wconf 79' lang='lat' dir='ltr'><em>captas</em></span> <span class='ocrx_word' id='word_1_151' title='bbox 957 1447 1080 1493; x_wconf 77' lang='lat' dir='ltr'><em>urbes</em></span> <span class='ocrx_word' id='word_1_152' title='bbox 1107 1448 1351 1493; x_wconf 85' lang='lat' dir='ltr'><em>Romanas.</em></span> <span class='ocrx_word' id='word_1_153' title='bbox 1381 1447 1490 1494; x_wconf 88' lang='lat' dir='ltr'><em>Non</em></span> <span class='ocrx_word' id='word_1_154' title='bbox 1518 1444 1601 1511; x_wconf 74' lang='lat' dir='ltr'><em>effe</em></span> 
     </span>
     <span class='ocr_line' id='line_1_21' title="bbox 293 1512 1603 1582; baseline -0.001 -17"><span class='ocrx_word' id='word_1_155' title='bbox 293 1517 423 1565; x_wconf 76' lang='lat' dir='ltr'><em>hodie</em></span> <span class='ocrx_word' id='word_1_156' title='bbox 465 1529 533 1563; x_wconf 88' lang='lat' dir='ltr'><em>tot</em></span> <span class='ocrx_word' id='word_1_157' title='bbox 569 1512 723 1579; x_wconf 73' lang='lat' dir='ltr'><em>safies</em></span> <span class='ocrx_word' id='word_1_158' title='bbox 762 1515 1085 1582; x_wconf 78' lang='lat' dir='ltr'><em>magistratibus</em></span> <span class='ocrx_word' id='word_1_159' title='bbox 1119 1513 1279 1579; x_wconf 84' lang='lat' dir='ltr'><em>populi</em></span> <span class='ocrx_word' id='word_1_160' title='bbox 1323 1516 1452 1562; x_wconf 86' lang='lat' dir='ltr'><em>Rom.</em></span> <span class='ocrx_word' id='word_1_161' title='bbox 1495 1529 1603 1578; x_wconf 83' lang='lat' dir='ltr'><em>quot</em></span> 
     </span>
     <span class='ocr_line' id='line_1_22' title="bbox 292 1580 1604 1650; baseline -0.001 -18"><span class='ocrx_word' id='word_1_162' title='bbox 292 1599 451 1650; x_wconf 79' lang='lat' dir='ltr'><em>captos</em></span> <span class='ocrx_word' id='word_1_163' title='bbox 486 1601 542 1630; x_wconf 90' lang='lat' dir='ltr'><em>ex</em></span> <span class='ocrx_word' id='word_1_164' title='bbox 575 1584 688 1630; x_wconf 78' lang='lat' dir='ltr'><em>caea&#39;e</em></span> <span class='ocrx_word' id='word_1_165' title='bbox 719 1583 1025 1648; x_wconf 75' lang='lat' dir='ltr'><em>imperatorum</em></span> <span class='ocrx_word' id='word_1_166' title='bbox 1052 1580 1256 1649; x_wconf 81' lang='lat' dir='ltr'><em>praeserre</em></span> <span class='ocrx_word' id='word_1_167' title='bbox 1278 1580 1423 1647; x_wconf 78' lang='lat' dir='ltr'><em>poffit</em></span> <span class='ocrx_word' id='word_1_168' title='bbox 1448 1583 1604 1631; x_wconf 88' lang='lat' dir='ltr'><em>Anni-</em></span> 
     </span>
     <span class='ocr_line' id='line_1_23' title="bbox 291 1648 1606 1717; baseline 0 -17"><span class='ocrx_word' id='word_1_169' title='bbox 291 1653 381 1701; x_wconf 80' lang='lat' dir='ltr'><em>bal.</em></span> <span class='ocrx_word' id='word_1_170' title='bbox 412 1652 511 1700; x_wconf 83' lang='lat' dir='ltr'><em>Has</em></span> <span class='ocrx_word' id='word_1_171' title='bbox 540 1650 826 1700; x_wconf 66' lang='lat' dir='ltr'><em>formidines</em></span> <span class='ocrx_word' id='word_1_172' title='bbox 859 1651 1082 1717; x_wconf 78' lang='lat' dir='ltr'><em>agitando</em></span> <span class='ocrx_word' id='word_1_173' title='bbox 1120 1652 1287 1698; x_wconf 80' lang='lat' dir='ltr'><em>animis</em></span> <span class='ocrx_word' id='word_1_174' title='bbox 1307 1686 1322 1710; x_wconf 84' lang='lat'><strong>,</strong></span> <span class='ocrx_word' id='word_1_175' title='bbox 1354 1648 1439 1716; x_wconf 84' lang='lat' dir='ltr'><em>ipfi</em></span> <span class='ocrx_word' id='word_1_176' title='bbox 1471 1668 1606 1701; x_wconf 86' lang='lat' dir='ltr'><em>curas</em></span> 
     </span>
     <span class='ocr_line' id='line_1_24' title="bbox 292 1716 1604 1786; baseline -0.002 -16"><span class='ocrx_word' id='word_1_177' title='bbox 292 1722 349 1770; x_wconf 71' lang='grc' dir='ltr'><em>ὃ(</em></span> <span class='ocrx_word' id='word_1_178' title='bbox 383 1734 539 1769; x_wconf 87' lang='lat' dir='ltr'><em>metus</em></span> <span class='ocrx_word' id='word_1_179' title='bbox 574 1720 813 1786; x_wconf 77' lang='lat' dir='ltr'><em>augebant</em></span> <span class='ocrx_word' id='word_1_180' title='bbox 846 1722 1023 1778; x_wconf 85' lang='lat' dir='ltr'><em>etiam,</em></span> <span class='ocrx_word' id='word_1_181' title='bbox 1052 1719 1185 1786; x_wconf 73' lang='lat' dir='ltr'>qubd</span> <span class='ocrx_word' id='word_1_182' title='bbox 1211 1756 1223 1779; x_wconf 93' lang='lat'>,</span> <span class='ocrx_word' id='word_1_183' title='bbox 1258 1736 1406 1785; x_wconf 85' lang='lat' dir='ltr'><em>quum</em></span> <span class='ocrx_word' id='word_1_184' title='bbox 1439 1716 1604 1768; x_wconf 63' lang='lat' dir='ltr'><em>assues-³</em></span> 
     </span>
     <span class='ocr_line' id='line_1_25' title="bbox 293 1786 1611 1855; baseline 0 -19"><span class='ocrx_word' id='word_1_185' title='bbox 293 1787 398 1838; x_wconf 85' lang='lat' dir='ltr'><em>sent</em></span> <span class='ocrx_word' id='word_1_186' title='bbox 430 1805 514 1855; x_wconf 86' lang='lat' dir='ltr'><em>per</em></span> <span class='ocrx_word' id='word_1_187' title='bbox 545 1788 728 1854; x_wconf 73' lang='lat' dir='ltr'><em>aliquot</em></span> <span class='ocrx_word' id='word_1_188' title='bbox 765 1806 913 1837; x_wconf 81' lang='lat' dir='ltr'><em>annos</em></span> <span class='ocrx_word' id='word_1_189' title='bbox 947 1788 1126 1837; x_wconf 82' lang='lat' dir='ltr'><em>bellum</em></span> <span class='ocrx_word' id='word_1_190' title='bbox 1160 1801 1269 1836; x_wconf 83' lang='lat' dir='ltr'><em>ante</em></span> <span class='ocrx_word' id='word_1_191' title='bbox 1308 1786 1476 1835; x_wconf 84' lang='lat' dir='ltr'><em>oculos</em></span> <span class='ocrx_word' id='word_1_192' title='bbox 1504 1787 1611 1852; x_wconf 58' lang='lat' dir='ltr'><em>aliis</em></span> 
     </span>
     <span class='ocr_line' id='line_1_26' title="bbox 294 1854 1613 1923; baseline -0.001 -18"><span class='ocrx_word' id='word_1_193' title='bbox 294 1872 439 1923; x_wconf 82' lang='lat' dir='ltr'><em>atque</em></span> <span class='ocrx_word' id='word_1_194' title='bbox 475 1857 578 1905; x_wconf 75' lang='lat' dir='ltr'><em>aliis</em></span> <span class='ocrx_word' id='word_1_195' title='bbox 625 1858 672 1904; x_wconf 85' lang='lat' dir='ltr'><em>in</em></span> <span class='ocrx_word' id='word_1_196' title='bbox 717 1854 866 1905; x_wconf 70' lang='lat' dir='ltr'><em>Italiae</em></span> <span class='ocrx_word' id='word_1_197' title='bbox 922 1857 1135 1921; x_wconf 77' lang='lat' dir='ltr'><em>partibus</em></span> <span class='ocrx_word' id='word_1_198' title='bbox 1162 1894 1175 1916; x_wconf 85' lang='lat'><strong>‚</strong></span> <span class='ocrx_word' id='word_1_199' title='bbox 1220 1856 1347 1904; x_wconf 64' lang='lat' dir='ltr'><em>lenta</em></span> <span class='ocrx_word' id='word_1_200' title='bbox 1386 1854 1506 1921; x_wconf 86' lang='lat' dir='ltr'><em>spe,</em></span> <span class='ocrx_word' id='word_1_201' title='bbox 1553 1857 1613 1920; x_wconf 74' lang='lat' dir='ltr'><em>in¹</em></span> 
     </span>
     <span class='ocr_line' id='line_1_27' title="bbox 294 1922 1606 1991; baseline -0.002 -17"><span class='ocrx_word' id='word_1_202' title='bbox 294 1926 482 1974; x_wconf 78' lang='lat' dir='ltr'><em>nullum</em></span> <span class='ocrx_word' id='word_1_203' title='bbox 531 1926 859 1991; x_wconf 67' lang='lat' dir='ltr'><em>propinquum</em></span> <span class='ocrx_word' id='word_1_204' title='bbox 895 1924 1167 1973; x_wconf 85' lang='lat' dir='ltr'><em>debellandi</em></span> <span class='ocrx_word' id='word_1_205' title='bbox 1209 1922 1357 1972; x_wconf 88' lang='lat' dir='ltr'><em>finem</em></span> <span class='ocrx_word' id='word_1_206' title='bbox 1399 1940 1606 1990; x_wconf 80' lang='lat' dir='ltr'><em>gerere,</em></span> 
     </span>
     <span class='ocr_line' id='line_1_28' title="bbox 295 1991 1608 2057; baseline -0.001 -16"><span class='ocrx_word' id='word_1_207' title='bbox 295 2008 547 2042; x_wconf 83' lang='lat' dir='ltr'><em>erexerant</em></span> <span class='ocrx_word' id='word_1_208' title='bbox 597 1995 815 2041; x_wconf 86' lang='lat' dir='ltr'><em>omnium</em></span> <span class='ocrx_word' id='word_1_209' title='bbox 868 1995 1054 2042; x_wconf 85' lang='lat' dir='ltr'><em>animos</em></span> <span class='ocrx_word' id='word_1_210' title='bbox 1090 1991 1255 2057; x_wconf 77' lang='lat' dir='ltr'><em>Scipio</em></span> <span class='ocrx_word' id='word_1_211' title='bbox 1300 1993 1351 2042; x_wconf 83' lang='lat'>&amp;</span> <span class='ocrx_word' id='word_1_212' title='bbox 1394 1991 1608 2041; x_wconf 83' lang='lat' dir='ltr'><em>Annibal</em></span> 
     </span>
     <span class='ocr_line' id='line_1_29' title="bbox 297 2059 1609 2128; baseline -0.001 -19"><span class='ocrx_word' id='word_1_213' title='bbox 297 2061 435 2110; x_wconf 87' lang='lat' dir='ltr'><em>velut</em></span> <span class='ocrx_word' id='word_1_214' title='bbox 467 2061 527 2109; x_wconf 86' lang='lat' dir='ltr'><em>ad</em></span> <span class='ocrx_word' id='word_1_215' title='bbox 563 2059 840 2128; x_wconf 83' lang='lat' dir='ltr'><em>supremum</em></span> <span class='ocrx_word' id='word_1_216' title='bbox 873 2077 1116 2110; x_wconf 82' lang='lat' dir='ltr'><em>certamen</em></span> <span class='ocrx_word' id='word_1_217' title='bbox 1153 2061 1417 2126; x_wconf 84' lang='lat' dir='ltr'><em>comparati</em></span> <span class='ocrx_word' id='word_1_218' title='bbox 1448 2059 1609 2109; x_wconf 87' lang='lat' dir='ltr'><em>duces.</em></span> 
     </span>
     <span class='ocr_line' id='line_1_30' title="bbox 296 2126 1609 2198; baseline -0.002 -20"><span class='ocrx_word' id='word_1_219' title='bbox 296 2129 338 2178; x_wconf 81' lang='lat' dir='ltr'><em>Ii</em></span> <span class='ocrx_word' id='word_1_220' title='bbox 370 2146 566 2197; x_wconf 86' lang='lat' dir='ltr'><em>quoque</em></span> <span class='ocrx_word' id='word_1_221' title='bbox 599 2130 769 2196; x_wconf 85' lang='lat' dir='ltr'>quibus</span> <span class='ocrx_word' id='word_1_222' title='bbox 804 2132 972 2198; x_wconf 83' lang='lat' dir='ltr'><em>ingens</em></span> <span class='ocrx_word' id='word_1_223' title='bbox 1009 2144 1106 2179; x_wconf 88' lang='lat' dir='ltr'><em>erat</em></span> <span class='ocrx_word' id='word_1_224' title='bbox 1139 2129 1186 2176; x_wconf 84' lang='lat' dir='ltr'><em>in</em></span> <span class='ocrx_word' id='word_1_225' title='bbox 1220 2126 1447 2194; x_wconf 83' lang='lat' dir='ltr'><em>Scipione</em></span> <span class='ocrx_word' id='word_1_226' title='bbox 1480 2126 1609 2177; x_wconf 87' lang='lat' dir='ltr'>fidu-</span> 
     </span>
     <span class='ocr_line' id='line_1_31' title="bbox 297 2197 1606 2267; baseline -0.004 -17"><span class='ocrx_word' id='word_1_227' title='bbox 297 2199 370 2250; x_wconf 79' lang='lat' dir='ltr'><em>cia</em></span> <span class='ocrx_word' id='word_1_228' title='bbox 395 2236 410 2260; x_wconf 87' lang='lat'>‚</span> <span class='ocrx_word' id='word_1_229' title='bbox 451 2199 505 2249; x_wconf 87' lang='lat'>&amp;</span> <span class='ocrx_word' id='word_1_230' title='bbox 539 2197 752 2248; x_wconf 61' lang='lat' dir='ltr'><em>vissoriae</em></span> <span class='ocrx_word' id='word_1_231' title='bbox 780 2198 883 2267; x_wconf 88' lang='lat' dir='ltr'><em>spes</em></span> <span class='ocrx_word' id='word_1_232' title='bbox 906 2237 918 2257; x_wconf 93' lang='lat'>,</span> <span class='ocrx_word' id='word_1_233' title='bbox 955 2197 1053 2265; x_wconf 88' lang='lat'><em>(7)</em></span> <span class='ocrx_word' id='word_1_234' title='bbox 1088 2197 1184 2265; x_wconf 75' lang='lat' dir='ltr'><em>qub</em></span> <span class='ocrx_word' id='word_1_235' title='bbox 1217 2197 1367 2264; x_wconf 78' lang='lat' dir='ltr'><em>magis</em></span> <span class='ocrx_word' id='word_1_236' title='bbox 1402 2199 1447 2245; x_wconf 88' lang='lat' dir='ltr'><em>in</em></span> <span class='ocrx_word' id='word_1_237' title='bbox 1483 2213 1606 2263; x_wconf 80' lang='lat' dir='ltr'><em>pro-</em></span> 
     </span>
    </p>
   </div>
   <div class='ocr_carea' id='block_1_4' title="bbox 293 2302 925 2735">
    <p class='ocr_par' dir='ltr' id='par_1_4' title="bbox 299 2302 922 2479">
     <span class='ocr_line' id='line_1_32' title="bbox 366 2302 920 2358; baseline -0.007 -13"><span class='ocrx_word' id='word_1_238' title='bbox 366 2319 386 2358; x_wconf 89' lang='lat'>5</span> <span class='ocrx_word' id='word_1_239' title='bbox 426 2305 501 2345; x_wconf 80' lang='lat' dir='ltr'><em>Cui</em></span> <span class='ocrx_word' id='word_1_240' title='bbox 536 2303 736 2345; x_wconf 82' lang='lat' dir='ltr'><em>Statorius</em></span> <span class='ocrx_word' id='word_1_241' title='bbox 761 2302 920 2356; x_wconf 83' lang='lat' dir='ltr'><em>semili-</em></span> 
     </span>
     <span class='ocr_line' id='line_1_33' title="bbox 299 2365 922 2424; baseline -0.005 -15"><span class='ocrx_word' id='word_1_242' title='bbox 299 2371 387 2424; x_wconf 76' lang='lat' dir='ltr'><em>xa]</em></span> <span class='ocrx_word' id='word_1_243' title='bbox 416 2367 484 2408; x_wconf 86' lang='lat' dir='ltr'><em>De</em></span> <span class='ocrx_word' id='word_1_244' title='bbox 508 2367 589 2407; x_wconf 88' lang='lat' dir='ltr'><em>hoc</em></span> <span class='ocrx_word' id='word_1_245' title='bbox 609 2365 795 2407; x_wconf 85' lang='lat' dir='ltr'><em>Statorio</em></span> <span class='ocrx_word' id='word_1_246' title='bbox 827 2365 922 2406; x_wconf 80' lang='lat' dir='ltr'><em>vide</em></span> 
     </span>
     <span class='ocr_line' id='line_1_34' title="bbox 300 2429 676 2479; baseline -0.003 -8"><span class='ocrx_word' id='word_1_247' title='bbox 300 2432 330 2472; x_wconf 82' lang='lat'><em>1.</em></span> <span class='ocrx_word' id='word_1_248' title='bbox 356 2429 514 2472; x_wconf 89' lang='lat' dir='ltr'>XXIV.</span> <span class='ocrx_word' id='word_1_249' title='bbox 540 2443 575 2470; x_wconf 85' lang='lat' dir='ltr'><em>c.</em></span> <span class='ocrx_word' id='word_1_250' title='bbox 602 2429 676 2479; x_wconf 75' lang='lat'><em>48.</em></span> 
     </span>
    </p>

    <p class='ocr_par' dir='ltr' id='par_1_5' title="bbox 239 2490 925 2735">
     <span class='ocr_line' id='line_1_35' title="bbox 365 2490 924 2550; baseline -0.011 -16"><span class='ocrx_word' id='word_1_251' title='bbox 365 2494 393 2534; x_wconf 83' lang='lat'>6</span> <span class='ocrx_word' id='word_1_252' title='bbox 444 2490 529 2550; x_wconf 73' lang='lat' dir='ltr'><em>Qui</em></span> <span class='ocrx_word' id='word_1_253' title='bbox 566 2490 685 2541; x_wconf 77' lang='lat' dir='ltr'><em>senex</em></span> <span class='ocrx_word' id='word_1_254' title='bbox 731 2491 924 2530; x_wconf 73' lang='lat' dir='ltr'><em>vincendo</em></span> 
     </span>
     <span class='ocr_line' id='line_1_36' title="bbox 293 2550 923 2610; baseline -0.006 -15"><span class='ocrx_word' id='word_1_255' title='bbox 293 2553 428 2608; x_wconf 67' lang='lat' dir='ltr'><em>fafius</em></span> <span class='ocrx_word' id='word_1_256' title='bbox 461 2556 478 2610; x_wconf 95' lang='grc'>]</span> <span class='ocrx_word' id='word_1_257' title='bbox 523 2550 721 2594; x_wconf 70' lang='grc' dir='ltr'>Οτεῒοῑίὲ</span> <span class='ocrx_word' id='word_1_258' title='bbox 756 2550 923 2592; x_wconf 82' lang='lat' dir='ltr'><em>fortasse</em></span> 
     </span>
     <span class='ocr_line' id='line_1_37' title="bbox 301 2614 921 2669; baseline -0.003 -12"><span class='ocrx_word' id='word_1_259' title='bbox 301 2617 450 2658; x_wconf 51' lang='lat' dir='ltr'><em>dietum</em></span> <span class='ocrx_word' id='word_1_260' title='bbox 483 2615 531 2656; x_wconf 84' lang='lat' dir='ltr'><em>ad</em></span> <span class='ocrx_word' id='word_1_261' title='bbox 564 2629 651 2656; x_wconf 85' lang='lat' dir='ltr'><em>rem</em></span> <span class='ocrx_word' id='word_1_262' title='bbox 681 2614 921 2669; x_wconf 72' lang='lat' dir='ltr'><em>augendam.</em></span> 
     </span>
     <span class='ocr_line' id='line_1_38' title="bbox 300 2674 925 2735; baseline -0.01 -12.622"><span class='ocrx_word' id='word_1_263' title='bbox 300 2678 384 2722; x_wconf 82' lang='lat' dir='ltr'><em>Nifi</em></span> <span class='ocrx_word' id='word_1_264' title='bbox 421 2675 562 2735; x_wconf 53' lang='lat' dir='ltr'><em>potins</em></span> <span class='ocrx_word' id='word_1_265' title='bbox 611 2677 826 2721; x_wconf 83' lang='lat' dir='ltr'><em>dicendum</em></span> <span class='ocrx_word' id='word_1_266' title='bbox 869 2674 925 2719; x_wconf 82' lang='lat' dir='ltr'><em>est</em></span> 
     </span>
    </p>
   </div>
   <div class='ocr_carea' id='block_1_5' title="bbox 986 2299 1610 2655">
    <p class='ocr_par' dir='ltr' id='par_1_6' title="bbox 986 2299 1610 2655">
     <span class='ocr_line' id='line_1_39' title="bbox 986 2299 1610 2343; baseline -0.002 -1"><span class='ocrx_word' id='word_1_267' title='bbox 986 2301 1144 2342; x_wconf 84' lang='lat' dir='ltr'><em>Livium</em></span> <span class='ocrx_word' id='word_1_268' title='bbox 1164 2299 1231 2341; x_wconf 68' lang='lat' dir='ltr'><em>hic</em></span> <span class='ocrx_word' id='word_1_269' title='bbox 1255 2314 1306 2341; x_wconf 90' lang='lat' dir='ltr'><em>ex</em></span> <span class='ocrx_word' id='word_1_270' title='bbox 1325 2314 1442 2342; x_wconf 86' lang='lat' dir='ltr'><em>more</em></span> <span class='ocrx_word' id='word_1_271' title='bbox 1458 2301 1610 2343; x_wconf 88' lang='lat' dir='ltr'><em>Roma-</em></span> 
     </span>
     <span class='ocr_line' id='line_1_40' title="bbox 986 2363 1606 2418; baseline 0 -14"><span class='ocrx_word' id='word_1_272' title='bbox 986 2378 1132 2404; x_wconf 84' lang='lat' dir='ltr'><em>norum</em></span> <span class='ocrx_word' id='word_1_273' title='bbox 1165 2363 1281 2418; x_wconf 89' lang='lat' dir='ltr'><em>loqui</em></span> <span class='ocrx_word' id='word_1_274' title='bbox 1315 2391 1326 2412; x_wconf 93' lang='lat'>‚</span> <span class='ocrx_word' id='word_1_275' title='bbox 1362 2364 1467 2418; x_wconf 81' lang='lat' dir='ltr'><em>apud</em></span> <span class='ocrx_word' id='word_1_276' title='bbox 1500 2376 1606 2417; x_wconf 82' lang='lat' dir='ltr'><em>quos</em></span> 
     </span>
     <span class='ocr_line' id='line_1_41' title="bbox 986 2425 1608 2467; baseline 0.002 -1"><span class='ocrx_word' id='word_1_277' title='bbox 986 2427 1146 2467; x_wconf 86' lang='lat' dir='ltr'><em>initium</em></span> <span class='ocrx_word' id='word_1_278' title='bbox 1173 2425 1394 2467; x_wconf 57' lang='lat' dir='ltr'><em>senestutis</em></span> <span class='ocrx_word' id='word_1_279' title='bbox 1424 2427 1473 2466; x_wconf 84' lang='lat' dir='ltr'><em>ab</em></span> <span class='ocrx_word' id='word_1_280' title='bbox 1499 2438 1608 2467; x_wconf 79' lang='lat' dir='ltr'><em>anno</em></span> 
     </span>
     <span class='ocr_line' id='line_1_42' title="bbox 989 2487 1608 2542; baseline -0.002 -13"><span class='ocrx_word' id='word_1_281' title='bbox 989 2489 1119 2529; x_wconf 80' lang='lat' dir='ltr'><em>aetatis</em></span> <span class='ocrx_word' id='word_1_282' title='bbox 1155 2487 1273 2528; x_wconf 85' lang='lat' dir='ltr'><em>sexto</em></span> <span class='ocrx_word' id='word_1_283' title='bbox 1310 2487 1351 2528; x_wconf 72' lang='grc' dir='ltr'><em>ὅ(</em></span> <span class='ocrx_word' id='word_1_284' title='bbox 1383 2487 1608 2542; x_wconf 85' lang='lat' dir='ltr'><em>quadrage·</em></span> 
     </span>
     <span class='ocr_line' id='line_1_43' title="bbox 987 2548 1605 2604; baseline -0.006 -13"><span class='ocrx_word' id='word_1_285' title='bbox 987 2550 1084 2591; x_wconf 80' lang='lat' dir='ltr'><em>fimo</em></span> <span class='ocrx_word' id='word_1_286' title='bbox 1118 2552 1357 2604; x_wconf 82' lang='lat' dir='ltr'><em>petebatur.</em></span> <span class='ocrx_word' id='word_1_287' title='bbox 1390 2548 1433 2588; x_wconf 93' lang='lat' dir='ltr'><em>ld</em></span> <span class='ocrx_word' id='word_1_288' title='bbox 1466 2558 1605 2593; x_wconf 83' lang='lat' dir='ltr'><em>autem</em></span> 
     </span>
     <span class='ocr_line' id='line_1_44' title="bbox 988 2609 1577 2655; baseline -0.008 -1"><span class='ocrx_word' id='word_1_289' title='bbox 988 2614 1119 2655; x_wconf 77' lang='lat' dir='ltr'><em>aetatis</em></span> <span class='ocrx_word' id='word_1_290' title='bbox 1147 2621 1243 2652; x_wconf 86' lang='lat' dir='ltr'><em>tunc</em></span> <span class='ocrx_word' id='word_1_291' title='bbox 1271 2619 1360 2652; x_wconf 87' lang='lat' dir='ltr'><em>erat</em></span> <span class='ocrx_word' id='word_1_292' title='bbox 1383 2609 1577 2650; x_wconf 84' lang='lat' dir='ltr'><em>Annibal.</em></span> 
     </span>
    </p>
   </div>
   <div class='ocr_carea' id='block_1_6' title="bbox 1051 2669 1610 2741">
    <p class='ocr_par' dir='ltr' id='par_1_7' title="bbox 1051 2669 1610 2741">
     <span class='ocr_line' id='line_1_45' title="bbox 1051 2669 1610 2741; baseline -0.011 -25"><span class='ocrx_word' id='word_1_293' title='bbox 1051 2689 1077 2729; x_wconf 94' lang='lat'><strong>7</strong></span> <span class='ocrx_word' id='word_1_294' title='bbox 1117 2672 1208 2741; x_wconf 59' lang='lat' dir='ltr'><em>Quo</em></span> <span class='ocrx_word' id='word_1_295' title='bbox 1226 2673 1384 2732; x_wconf 83' lang='lat' dir='ltr'><em>magis]</em></span> <span class='ocrx_word' id='word_1_296' title='bbox 1408 2669 1506 2729; x_wconf 61' lang='lat' dir='ltr'><em>Qui&gt;</em></span> <span class='ocrx_word' id='word_1_297' title='bbox 1526 2671 1610 2725; x_wconf 36' lang='lat' dir='ltr'><em>avi,-</em></span> 
     </span>
    </p>
   </div>
  </div>
 </body>
</html>
