1649 3104
337 130 691 187 LI'BER
770 125 1017 185 XXX.
1206 145 1326 205 409

35 282 38 285 Ι
77 222 240 275 xXLl.
278 226 329 277 P.
357 225 606 292 Scipioni,
631 241 740 272 cum
775 224 1060 273 exercitibus
1094 241 1215 291 quos
1249 226 1328 273 ha·
1347 234 1541 287 U.c.551.'

31 288 203 352 beret,
241 298 290 342 in
329 295 579 361 provincia
617 291 1135 359 Africa2p1·0r0gatum
1174 295 1330 363 impe·
1347 290 1540 336 ilfi-20¹⁴·

31 363 170 410 rium.
206 360 403 411 Praetori
435 361 508 410 M.
535 360 734 409 Valerio
762 359 949 408 Faltoni
978 361 1081 408 duae
1114 360 1330 428 legiones

32 429 82 476 in
111 428 303 478 Bruttiis
329 468 342 489 ,
377 429 544 496 quibus
577 426 635 476 C.
667 427 830 476 Livius
864 429 1023 493 priore
1053 446 1180 478 anno
1216 446 1335 494 prae·

34 494 229 557 fuerat,
265 498 490 546 decretae.
534 495 586 544 P.
617 495 767 544 AElius
808 510 984 560 praetor
1018 495 1135 545 duas
1182 495 1337 563 legio-

33 579 121 612 nes
151 566 200 611 in
237 563 392 613 Sicilia
425 566 482 612 ab
516 561 607 613 Cn.
642 562 909 612 Tremellio
950 565 1206 629 acciperet.
1248 564 1340 613 Le·

36 633 119 697 gio
151 649 242 680 una
276 632 352 681 M.
379 632 527 681 Fabio
557 633 604 678 in
631 628 892 679 Sardiniam
916 668 930 690 ‚
958 649 1100 698 quam
1133 631 1178 680 P.
1209 631 1339 679 Len-

36 699 163 747 tulus
221 713 520 766 propraetore
577 697 814 746 habuisset
850 737 868 759 ,
914 698 1202 748 decernitur.
1264 698 1342 748 M.

37 763 245 816 Servilio
286 768 455 832 prioris
492 767 600 814 anni
633 765 850 825 consuli,
889 783 996 814 cum
1032 765 1128 815 suis‘
1154 767 1338 816 duabus

34 833 157 882 item
197 836 240 883 le
277 834 497 892 ionibus,
533 834 579 880 in
612 833 795 882 Etruria
833 849 1147 899 prorogatum
1181 837 1341 901 impe-

33 902 158 950 rium
213 852 295 950 θῇ.
330 900 488 966 Quod
536 900 599 948 ad
646 900 893 964 Hispanias
942 904 1165 950 attineret
1195 941 1206 956 ‚
1260 903 1342 951 ali·

39 984 160 1033 quot
200 968 295 1032 jam
332 987 482 1017 annos
524 969 589 1015 ibi
629 967 683 1016 L.
716 967 997 1017 Cornelium
1038 969 1297 1028 Lentulum
1322 1004 1340 1029 ,

40 1038 92 1085 &
115 1036 171 1086 L.
193 1037 427 1085 Manlium
449 1036 711 1084 Acidinum
734 1035 834 1084 esse
862 1053 872 1082 t
897 1038 964 1084 uti
987 1037 1204 1086 consules
1228 1055 1338 1087 cum

38 1104 239 1153 tribunis
278 1118 472 1172 agerent
505 1142 517 1160 ,
553 1102 586 1150 fi
621 1106 686 1150 eis
718 1104 967 1152 videretur
1002 1142 1016 1161 ‚
1056 1120 1105 1152 ut
1142 1105 1340 1171 plebem

39 1187 302 1238 rogarent,
343 1173 420 1220 cui
463 1169 682 1234 juberent
725 1173 772 1218 in
811 1170 1036 1237 Hispania
1079 1174 1340 1238 imperium

40 1239 142 1288 esse
173 1256 182 1287 ε
215 1243 271 1302 is¹
293 1257 352 1287 ex
384 1239 571 1287 duobus
605 1239 890 1286 exercitibus
927 1241 974 1286 in
1011 1257 1152 1287 unam
1188 1239 1343 1306 legio‘

37 1324 152 1356 nem
181 1308 496 1356 conscriberet
528 1305 774 1354 Romanos
805 1306 980 1355 milites
1002 1344 1016 1365 ,
1049 1309 1099 1356 &
1127 1310 1173 1356 in
1204 1309 1340 1373 quin-

38 1376 197 1424 decim
238 1376 463 1423 cohortes
503 1372 655 1422 socios
688 1373 841 1421 Latini
879 1376 1085 1422 nominis
1110 1410 1125 1431 ‚
1164 1376 1338 1442 quibus

37 1444 340 1510 provinciam
376 1443 646 1490 obtineret:
671 1456 859 1489 veteres
893 1443 1070 1490 milites
1110 1442 1163 1490 L.
1200 1441 1346 1493 Cor-

37 1511 192 1560 nelius
231 1511 283 1560 <Sc
331 1510 385 1558 L.
430 1509 635 1557 Manlius
680 1511 729 1557 in
778 1508 965 1557 Italiam
1008 1510 1343 1576 deportarent.

39 1577 277 1628 Cornelio
322 1575 501 1626 consuli
557 1578 892 1644 quinquaginta
941 1580 1137 1626 navium
1186 1577 1338 1628 claffis

39 1664 100 1696 ex
129 1648 309 1695 dua-bue
337 1643 552 1693 claffibus
571 1683 584 1705 ‚
609 1643 703 1693 Cn.
730 1644 951 1703 O&avii‚
979 1648 1149 1712 quaein
1171 1646 1341 1697 Africa·

37 1713 197 1772 esset,
235 1714 282 1763 P.
323 1713 456 1761 Villii
480 1750 495 1772 ‚
532 1729 641 1778 quae
681 1710 853 1760 Siciliae
897 1730 1032 1761 oram
1073 1714 1338 1773 tuebatur,

38 1783 235 1831 decreta
258 1798 271 1841 3
294 1795 348 1829 ut
367 1817 382 1839 ‚
415 1798 530 1846 quas
568 1797 715 1828 naves
751 1781 934 1841 vellet5
967 1781 1214 1848 deligeret.
1236 1782 1341 1849 (3)

32 1849 88 1901 P.
130 1849 292 1916 Scipio
342 1848 650 1913 quadraginta
692 1848 857 1914 longas
905 1866 1052 1897 naves
1102 1849 1337 1910 haberet,

12 1910 156 1986 'quas
198 1916 648 1981 babuiffetzquibus
684 1914 719 1962 fi
757 1916 850 1964 Cn.
880 1914 1141 1966 Oeavium
1167 1954 1182 1977 ,
1217 1916 1338 1966 ficut

34 1985 292 2065 praefuisset
312 2023 324 2041 ‚
355 1982 548 2050 praeesse
580 1983 760 2044 vellet,
791 1982 1001 2033 Ofitavio
1036 2000 1339 2051 propraetore

6 2072 86 2112 ,tn
112 2071 224 2102 eum
253 2069 426 2100 annum
461 2053 716 2115 imperium
753 2050 863 2099 effet
885 2071 896 2100 z
921 2050 956 2099 si
983 2051 1182 2101 Laelium
1210 2071 1337 2118 prae-

38 2121 244 2180 ficeret,
282 2118 515 2169 Ottavius
555 2118 761 2168 Romam
801 2120 1097 2180 decederet,
1133 2122 1338 2183 reducef-

103 2241 125 2288 3
162 2230 211 2271 P.
246 2231 383 2283 Scipio
416 2231 654 2285 quadragin-

39 2307 81 2336 ta
103 2326 113 2345 ,
147 2293 259 2347 Ga]
293 2293 411 2332 Hunc
444 2305 656 2331 numerum

37 2355 263 2412 praeferunt
283 2354 445 2394 codices
468 2353 655 2406 plerique

41 2433 117 2472 pro
153 2419 320 2471 vulgato
360 2417 657 2469 qninquaginta.

41 2479 150 2520 Infra
167 2510 177 2528 ,
201 2493 316 2517 naves
346 2475 481 2530 quibus
507 2474 657 2528 confidi

42 2539 129 2594 usus
154 2554 230 2578 non
248 2538 344 2593 .effee
372 2553 385 2578 .·
413 2538 470 2577 ita
493 2537 655 2577 codices

0 2614 8 2623 ‘
46 2602 88 2645 ὅ(
108 2610 272 2641 veteres
295 2599 391 2639 editi
411 2615 422 2647 ;
445 2598 656 2638 recentio-

42 2676 109 2705 res
160 2661 400 2715 proconjizli.
455 2660 662 2702 Cornelio·

115 2723 238 2771 Yon-1.
275 2722 374 2774 IV·

718 2229 874 2271 consuli
922 2229 1156 2271 decernitur
1205 2230 1338 2272 classis

718 2292 1005 2347 quinquaginta
1063 2293 1224 2332 navium
1283 2307 1335 2333 ex

718 2354 871 2393 duabus
896 2351 1076 2394 clastibus
1102 2352 1262 2393 Οξὶῑινῐὶ
1293 2355 1336 2394 ὅτ.

719 2415 837 2456 Villii
859 2445 871 2461 ,
901 2429 1068 2468 quarum
1098 2416 1228 2454 altera
1259 2415 1338 2454 fuit

719 2476 984 2530 quadraginta
1003 2506 1014 2521 ‚
1043 2477 1170 2516 altera
1191 2475 1338 2531 viginti

720 2538 895 2578 navium.
947 2536 1142 2590 Reliquas
1195 2537 1338 2577 decem

721 2597 889 2652 jubetur
936 2596 1133 2639 Octavius
1168 2597 1339 2642 Romam

721 2660 941 2701 reducere.
1106 2715 1141 2768 S
