1649 3104
321 117 676 176 LtssER
758 112 1043 174 XXVI.
1257 110 1328 194 85

36 211 88 279 in
109 213 296 274 claxffem
320 214 378 263 ad
403 213 789 280 supplementum
812 214 1049 278 remigum
1084 209 1216 258 dedit
1238 227 1249 257 t
1279 211 1330 259 ὅ(
1346 206 1540 257 [lc-542·

43 282 123 348 (6)
148 298 340 330 auxerat
368 283 567 331 navibus
603 279 711 329 οξὶο
732 281 933 345 captivis
956 276 1159 325 classem.
1186 277 1332 326 Extra
1345 261 1539 306 mane·

43 351 165 398 hanc
196 351 548 398 multitudinem
584 349 905 413 Hispanorum
937 344 1127 394 obfides
1158 359 1329 403 erant3

46 435 284 483 quorum,
321 419 519 483 perinde
556 435 608 464 ac
644 415 678 464 fi
717 415 954 464 sociorum
972 413 1112 461 liberi
1147 411 1293 459 essent
1316 448 1331 471 ‚

47 502 157 532 cura
190 484 364 534 habita.
398 483 581 552 Captus
613 486 664 534 &
703 496 953 549 apparatus
986 483 1152 546 ingens
1175 479 1329 537 belli3

45 552 294 617 catapultae
330 555 548 601 maximae
583 551 751 600 formae
779 566 969 598 centum
1005 548 1204 613 viginti,
1242 548 1332 594 mi·

38 638 188 668 -nores
223 618 438 669 ducentae
477 619 718 685 o&oginta
766 619 817 667 &
843 634 966 665 una:
999 614 1194 664 ballistae
1231 631 1335 661 ma-

37 685 172 753 jores
201 689 371 754 viginti
404 703 499 736 tres
524 724 538 746 ,
568 688 783 734 minores
819 686 1157 750 quinquaginta
1192 681 1333 728 duae:

36 755 122 821 (7)
144 754 446 820 scorpionum
464 752 700 820 majorum
720 755 1058 819 minorumque
1074 789 1085 806 ‚
1106 752 1156 800 ὃ(
1175 767 1337 797 arm0oe

38 840 144 871 rum
180 823 483 888 telorumque
509 859 522 882 ,
558 824 724 888 ingens
752 837 977 868 numerus
1012 838 1022 868 :
1054 817 1180 884 signa
1206 817 1336 865 mili-

37 893 156 938 taria
193 890 485 956 septuaginta
531 906 750 956 quatuor.
798 887 859 936 Et
906 890 1004 935 auri
1052 888 1335 953 argentique

41 959 185 1006 relata
212 958 269 1005 ad
293 960 634 1024 imperatorem
655 973 824 1022 magna
844 955 917 1002 vis
941 974 951 1003 :
980 968 1153 1021 paterae
1175 967 1331 1001 aureae

39 1025 234 1074 suerunt
275 1040 516 1075 CCLXXVI
537 1064 550 1086 ‚
586 1025 725 1072 libras
757 1023 909 1071 ferme
936 1040 1105 1071 omnes
1135 1021 1332 1087 pondo:

40 1092 119 1159 (8)
140 1094 323 1159 argenti
351 1092 457 1141 faffl
484 1093 742 1159 fignatique
772 1091 942 1140 decem
972 1090 1151 1139 &030
1182 1090 1332 1136 millia

41 1163 94 1211 &
134 1176 233 1219 ccc
256 1161 420 1226 pondo
454 1179 464 1209 τ
499 1160 720 1209 vasorum
749 1175 1087 1225 argenteorum
1132 1173 1333 1223 magnus

39 1246 280 1277 numerus.
317 1228 436 1276 Haec
469 1231 631 1276 omnia
660 1226 716 1278 C.
746 1226 978 1274 Flaminio
1005 1225 1229 1292 quaestori
1256 1242 1335 1290 ap·

34 1296 179 1363 pensa
209 1312 613 1363 annumerataque
650 1294 753 1345 sunt
787 1313 798 1342 z
841 1294 917 1360 (9)
948 1296 1092 1342 tritici
1127 1294 1330 1361 quadra-

33 1367 162 1432 ginta
194 1366 343 1413 millia
377 1365 594 1413 modium
623 1402 637 1425 ‚
675 1363 845 1413 hordei
890 1363 1094 1410 ducenta
1139 1362 1332 1429 septua-

35 1435 179 1500 ginta.
218 1432 384 1481 Naves
417 1435 643 1481 onerariae
672 1447 809 1481 cxm
847 1433 894 1478 in
918 1444 1060 1496 portu
1092 1446 1332 1497 expugna-

34 1515 130 1561 tae‚
167 1517 416 1568 captaeque
448 1518 461 1559 3
512 1501 729 1566 quaedam
773 1516 883 1547 cum
921 1498 1012 1546 suis
1049 1500 1276 1548 oneribus
1314 1536 1331 1558 ‚

33 1568 311 1630 frumento,
348 1570 490 1617 armis
511 1604 524 1626 ‚
557 1586 648 1617 aere
682 1583 912 1634 praeterea
934 1604 946 1626 ‚
979 1565 1207 1632 ferroque
1232 1605 1245 1628 ‚
1277 1568 1330 1616 &

32 1637 185 1686 linteis
207 1675 223 1695 ,
250 1638 302 1686 ἃ
332 1635 407 1700 (ι)
440 1635 593 1702 sparto
613 1673 627 1695 ,
658 1638 710 1686 &
731 1636 887 1684 navali
918 1634 1005 1682 alia
1033 1637 1232 1684 materia
1267 1635 1327 1684 ad

36 1705 223 1753 classem
259 1703 584 1752 aedificandam
619 1724 627 1752 :
676 1721 726 1752 ut
771 1705 1022 1751 minimum
1066 1706 1280 1751 omnium
1312 1739 1331 1762 9

34 1775 158 1822 inter
194 1787 341 1821 tantas
390 1788 511 1837 opes
549 1771 665 1821 belli
688 1786 863 1838 ⁵captas
895 1808 912 1829 ,
957 1768 1199 1838 Carthago
1232 1771 1334 1838 ipsa

29 1839 190 1890 fuerit.

97 1972 122 2014 6
146 1969 327 2014 Auxerat
341 1972 509 2013 navibus
525 1972 642 2027 030]

31 2033 209 2078 Videtur
233 2048 284 2075 ex
312 2034 490 2090 Polybio
505 2037 649 2091 legen-

34 2097 128 2136 dum
152 2098 277 2136 decem
306 2096 341 2136 6·
369 2097 466 2138 030.

97 2151 123 2208 7
153 2156 446 2213 Scorpionum]
483 2158 595 2202 Vide
618 2159 656 2205 1.,

30 2217 188 2261 XXIV.
207 2233 242 2258 c.
268 2231 337 2271 34.

95 2281 119 2321 8
141 2280 304 2336 Argenti
314 2280 419 2333 fai-'h'
426 2281 648 2337 signatique

29 2342 157 2381 decem
175 2342 210 2381 6·
233 2341 314 2381 οὲἶο
333 2343 462 2382 millia
479 2343 516 2382 ὃ·
533 2346 642 2386 CCC.

23 2405 186 2458 pondo]
210 2403 383 2459 Argenti
400 2414 485 2444 tum
505 2407 648 2445 elabo-

28 2466 105 2506 rati
122 2466 162 2504 in
176 2466 268 2506 vasa
285 2497 295 2516 ,
332 2476 416 2506 tum
444 2465 582 2521 signati
602 2467 642 2507 in

25 2536 230 2568 monetam
260 2559 271 2578 ,
328 2529 469 2582 18300
527 2530 639 2568 librae

24 2585 216 2629 Romanae
253 2590 391 2643 pondo
424 2605 435 2630 :
481 2591 519 2629 id
555 2589 609 2630 est
626 2622 637 2641 ‚

20 2650 213 2703 ponderis
255 2650 441 2693 nostratis
495 2666 640 2694 marcae

713 1972 876 2028 28593.
907 1985 995 2012 cum
1015 1971 1086 2013 sex
1114 1970 1266 2015 unciis.

774 2050 799 2090 9
815 2033 955 2074 Tritici
968 2036 1227 2089 quadraginta
1240 2035 1330 2074 mil·

712 2096 770 2135 lia
793 2096 963 2135 modizfm
980 2099 999 2151 ]
1017 2096 1150 2135 Medii
1167 2096 1328 2136 nostran

711 2167 775 2198 tes
798 2159 919 2211 paulo
940 2159 1029 2211 plus
1049 2158 1208 2212 30833.
1229 2158 1330 2197 Hor-

711 2221 775 2259 dei
793 2222 956 2258 ducenta
971 2219 1220 2274 sbptuaginta
1233 2219 1327 2258 mil*=

709 2282 762 2321 lia
778 2312 788 2330 ,
808 2281 892 2322 208
905 2295 918 2322 1
932 2295 955 2321 2
965 2296 1003 2333 ς.

775 2356 791 2383 1
832 2342 1017 2397 Sparte]
1051 2341 1238 2395 Spartum
1269 2339 1325 2379 est

705 2403 846 2444 herbae
909 2402 1054 2457 sponte
1124 2402 1326 2443 nascentis

706 2466 927 2518 praesertim
958 2467 1000 2505 in
1030 2463 1220 2516 Hispani-a
1245 2476 1323 2517 ge-

703 2541 777 2567 nus
809 2557 820 2575 ,
871 2542 959 2582 quae
992 2527 1039 2566 ad
1080 2524 1240 2563 vincula
1277 2538 1324 2566 ac

702 2590 926 2630 retinacula
939 2586 1234 2644 compingenda
1246 2585 1328 2628 uti-

704 2651 751 2692 lis
777 2649 848 2693 est,
