1649 3104
332 95 380 154 L
422 112 446 153 1
487 111 524 153 Β
568 112 604 153 E
647 112 687 152 R
774 87 1037 154 XXVI}
1249 99 1336 170 35*

36 175 122 245 qui
150 175 258 245 post
280 177 469 227 cladem
500 190 748 242 acceptam
773 175 1050 224 defecerant
1072 211 1088 232 ,
1118 172 1339 223 redibant
1367 179 1567 228 U.c.54r.

36 247 100 296 ad
135 246 414 305 Romanos,
443 261 531 293 nec
567 244 649 292 ulli
674 245 793 293 novi
826 242 1126 291 deficiebant.
1155 242 1216 290 Et
1236 240 1341 289 Ro·
1367 235 1563 280 ‘hc-2¹¹·

39 332 132 364 mae
154 313 329 363 senatui
350 314 634 381 populoque
651 350 665 371 ,
684 310 792 379 post
824 326 1068 375 receptam
1088 308 1308 375 Capuam
1325 345 1343 370 ‚

39 398 142 432 non
170 380 318 431 Italiae
336 381 433 447 jam
463 379 616 446 major
648 380 790 447 quam
810 377 1047 444 Hispaniae
1076 394 1185 424 cura
1209 393 1344 436 erat3

40 452 97 502 ὃ(
127 450 609 516 exercitum-augeri,
630 449 683 497 &
709 451 1051 513 imperatorem
1081 446 1206 492 mitti
1236 446 1341 509 pla-

38 519 182 567 cebat
214 537 223 566 .·
263 517 339 585 (1)
374 535 463 566 nec
495 532 690 577 tamen,
731 532 877 581 quem
917 515 1190 571 mitterent,
1231 511 1340 560 satis
1382 518 1560 561 Comitlae

39 584 288 635 constabat
309 625 322 647 ‚
361 586 502 653 quam
536 585 654 633 illud
679 622 691 643 ‚
718 584 800 632 ubi
831 583 930 631 duo
978 580 1150 630 summi
1180 583 1337 645 impe·
1354 580 1559 634 proconffi·

40 669 221 703 ratores
250 657 371 702 intra
405 654 504 702 dies
537 654 727 719 triginta
756 649 1063 710 cecidissent,
1096 650 1177 716 qui
1198 651 1246 696 in
1272 647 1341 697 lo·
1361 642 1392 681 lc·
1425 653 1558 714 σεξτ*

41 741 153 771 cum
203 723 410 770 duorum
448 721 756 779 succederet,
805 716 1178 768 extraordinaria
1226 716 1341 765 cura
1363 707 1413 743 ‘²⁰
1469 719 1514 743 m

42 790 351 856 deligendum
385 787 491 837 esse.
528 787 700 853 Quum
721 789 798 836 alii
817 788 962 835 alium
998 785 1302 836 nominarent
1324 821 1340 845 ,

42 858 340 926 postremum
375 874 435 905 eo
475 856 724 905 decursum
757 854 857 915 est,
891 870 942 904 ut
980 854 1189 921 populus
1222 871 1342 920 pro-

45 925 226 975 consuli
253 925 462 975 creando
491 927 540 972 in
571 923 846 990 Hispaniam
884 925 1080 972 comitia
1115 922 1347 981 haberet;

49 995 279 1059 diemque
335 994 547 1041 comitiis
592 992 812 1040 consules
865 992 1135 1040 edixerunt,
1187 989 1352 1038 Primo

47 1061 464 1128 exspeciaverantg.
495 1076 548 1109 ut
570 1062 651 1128 qui
679 1060 725 1109 se
758 1075 892 1108 tanto
931 1061 1139 1125 imperio
1172 1058 1346 1125 dignos

48 1131 331 1189 crederent,
376 1127 454 1196 (2)
486 1131 680 1178 nomina
733 1128 1074 1194 profiterentur
1104 1147 1114 1176 :
1148 1145 1255 1193 quae
1298 1140 1352 1175 ut

51 1198 268 1247 destituta
290 1196 576 1263 exspe6latio
601 1196 667 1246 est
683 1233 701 1256 ‚
728 1197 1075 1264 redintegratus
1101 1196 1250 1243 luctus
1274 1213 1352 1242 ac=

50 1283 201 1333 ceptae
231 1266 408 1323 cladis,
428 1264 814 1332 desideriumque
841 1267 1186 1332 imperatorum
1212 1261 1351 1311 amis-

50 1333 225 1383 sorum.
260 1332 436 1382 Moesta
463 1336 622 1400 itaque
660 1336 825 1382 civitas
861 1350 1013 1400 prope
1046 1335 1187 1398 inops
1230 1349 1353 1379 con-

45 1401 132 1451 filii
156 1439 170 1462 ,
193 1404 501 1451 comitiorum
523 1403 600 1450 die
622 1403 849 1450 tamenin
879 1400 1121 1466 Campum
1144 1398 1350 1447 descen-

46 1471 118 1521 dit
147 1490 162 1532 3
189 1485 331 1537 atque
367 1472 419 1518 inv
446 1469 742 1536 magistratus
782 1468 906 1519 versi
952 1466 1353 1534 circumspeehant-

48 1557 134 1589 ora
160 1541 429 1607 principum
455 1575 469 1599 ‚
495 1539 695 1587 aliorum
738 1538 856 1586 alios
887 1538 1175 1585 intuentium
1194 1573 1208 1595 ,
1252 1534 1351 1583 fre-

48 1623 282 1673 mumque
301 1644 315 1667 ‚
337 1608 459 1656 adeo
486 1607 694 1674 perditas
726 1624 799 1656 res
818 1643 832 1665 ‚
867 1605 1264 1672 desperatumque
1286 1604 1354 1652 de

48 1677 297 1741 republica
335 1674 426 1724 esse
449 1713 462 1732 ,
499 1691 549 1723 ut
586 1692 728 1723 nemo
775 1675 948 1722 audeat
987 1676 1034 1720 in
1069 1672 1357 1739 Hispaniam

49 1745 301 1808 imperium
329 1745 559 1808 accipere.
591 1741 761 1807 Quum
793 1743 945 1790 subito
977 1741 1027 1789 P.
1057 1740 1349 1800 Cornelius,

48 1811 203 1861 Publii
231 1815 308 1878 qui
336 1814 383 1860 in
411 1810 636 1878 Hispania
666 1811 905 1859 ceciderat
947 1807 1071 1857 filius
1095 1847 1110 1867 ‚
1141 1824 1348 1875 quatuor

53 1880 106 1929 &
130 1881 302 1947 viginti
339 1878 490 1928 ferme
529 1897 678 1927 annos
715 1894 848 1927 natus
873 1915 886 1936 ‚
915 1876 1146 1943 professus
1179 1875 1225 1925 se
1260 1894 1353 1943 pec

49 1961 187 2006 t-ere,
225 1951 273 1996 in
318 1947 562 2014 superiore
612 1947 740 1996 unde
788 1945 996 2012 conspici
1039 1944 1191 2012 posset
1235 1946 1352 1993 loco

47 2015 275 2066 constitit.
304 2015 358 2064 In
396 2033 540 2082 quem
573 2015 827 2082 postquam
863 2015 1082 2063 omnium
1115 2031 1198 2062 ora
1225 2031 1356 2062 con-

53 2083 187 2133 versa
223 2083 361 2142 sunt,
391 2085 606 2133 clamore
642 2102 694 2132 ac
721 2083 891 2133 favore
928 2083 1123 2132 ominati
1165 2096 1353 2129 extem·
1555 2089 1601 2123 ,ς

59 2152 142 2217 plo
177 2149 279 2201 sunt
297 2151 412 2201 felix
434 2151 735 2219 faustumque
771 2153 1027 2218 imperium
1051 2170 1061 2200 :
1092 2148 1197 2215 juffi
1216 2150 1362 2197 dein--v

51 2219 114 2269 de
158 2220 275 2270 inire
324 2219 403 2289 (3)
443 2219 692 2271 confusum
738 2218 1004 2288 suffragium
1042 2255 1057 2278 ‚
1106 2218 1166 2267 ad
1203 2234 1360 2266 unum

1359 765 1520 820 HzJJva-⁴

1359 842 1486 872 mam.

119 2341 136 2370 x
161 2328 248 2368 Nec
265 2341 392 2371 tamen
409 2361 421 2380 ,
443 2345 548 2384 quem
571 2333 666 2370 mit·
730 2329 775 2369 Id
804 2329 884 2376 est,
904 2325 1067 2382 publice
1096 2327 1366 2367 declararent

51 2401 172 2430 terent
186 2384 312 2443 ,finis
327 2391 541 2441 constabat,
554 2394 666 2446 qucim
729 2394 987 2431 voluntatem
1011 2389 1120 2430 suam
1152 2390 1201 2428 de
1223 2388 1354 2439 impe-

48 2452 151 2492 illud
170 2453 184 2505 ]
218 2450 451 2506 Supplenda
480 2454 535 2493 est
569 2463 664 2493 ante
730 2454 791 2494 rio
813 2454 854 2493 in
869 2451 1102 2506 Hispaniam
1121 2482 1131 2499 ,
1147 2449 1174 2489 fi
1201 2450 1257 2488 ita
1277 2462 1364 2502 poa-⁷

49 2515 238 2554 voculam
281 2513 386 2569 sacis
405 2546 416 2566 ,
466 2516 665 2570 particula
729 2514 978 2568 pulovisum
1000 2513 1099 2553 esset
1119 2511 1353 2565 ,accipien-

47 2588 143 2616 &Zm-
546 2580 549 2582 μ
728 2577 798 2618 do,
851 2593 919 2623 γοα,

109 2651 136 2681 2
156 2636 334 2678 Nomina
355 2636 622 2693 profiterentur
642 2637 661 2692 ]
788 2651 816 2695 3
840 2635 1047 2690 Confitficm
1064 2633 1300 2692 fitffragium
1326 2633 1347 2688 ]

954 2695 993 2745 B
1030 2713 1080 2762 v]
