1649 3104
247 128 325 186 26
652 126 1150 185 T.L1v11

35 213 354 270 Uc.541.dam
384 204 576 258 Romam
607 208 714 258 hinc
750 227 847 257 eum
885 209 1131 272 miserimus
1162 210 1188 258 ?
1225 207 1330 276 Age
1373 203 1569 269 contra'g

36 275 344 344 ³·(u211-quae
381 279 456 326 illi
489 276 640 344 infeste'
669 280 717 326 in
753 296 836 326 nos
855 275 1052 341 fecerint
1073 314 1088 337 ‚
1119 280 1297 343 repetite
1316 316 1332 336 ‚
1363 293 1411 325 ut
1437 296 1493 324 ex
1515 294 1567 325 eo

242 348 359 413 quid
380 345 569 413 speretis
602 348 825 401 habeatis.
863 348 1015 411 Quum
1049 347 1184 412 bostis
1220 347 1479 412 alienigena
1514 345 1565 392 in

245 415 394 467 Italia
426 413 560 480 effic,
601 416 645 463 δ’
687 415 906 464 Annibal
947 414 1121 480 hostis,
1156 414 1201 463 δ’
1249 419 1408 463 cunila
1452 413 1569 461 bello

245 485 484 540 arderent,
516 483 677 549 omiffi's
712 483 952 540 omnibus,
975 480 1132 547 omiffo
1163 481 1262 549 ipso
1296 482 1573 541 Annibale,

244 554 378 602 ambo
416 552 620 616 consules
651 552 695 600 δ’
725 553 814 599 duo
849 549 1106 614 confitlares
1145 553 1364 600 exercitus
1389 553 1453 598 ad
1474 551 1568 599 Ca-

240 640 387 690 puam
414 622 765 687 oppugnandam
800 620 1027 684 miserunt.
1052 621 1265 669 Alterum
1287 638 1456 668 annum
1475 619 1568 667 cir-

246 692 558 741 cumvallatos
603 686 883 754 inclufhsque
918 706 1002 736 nos
1036 687 1167 754 fame
1208 703 1473 748 macerant,
1520 687 1567 735 6·

251 761 337 825 ipfi
370 757 601 822 nobiscum
640 758 801 806 ultima
835 757 1040 823 pericula
1081 776 1137 806 ac
1171 758 1447 821 grawffi’mos
1492 755 1570 803 la-

252 830 378 877 bores
401 826 582 894 perpeffi
601 862 616 885 ‚
652 828 771 874 circa
802 827 982 876 vallum
1014 843 1070 874 ac
1095 825 1243 891 foffizs
1271 826 1390 892 sape
1427 825 1569 873 truci-

253 899 389 954 dati,
434 896 477 944 δ’
508 913 644 962 prope
687 898 752 943 ad
778 909 1021 943 extremum
1074 896 1225 962 castris
1275 895 1420 943 exuti.
1475 893 1572 942 Sed

257 966 416 1015 omitto
452 966 545 1012 ltaec
578 980 593 1011 .·
625 980 758 1012 vetus
790 978 924 1029 atque
966 964 1131 1027 usitata
1169 982 1234 1012 res
1268 965 1356 1030 est,
1397 964 1444 1011 in
1482 979 1571 1028 op-

248 1035 506 1102 pugnanda
536 1032 722 1095 bostium
757 1034 861 1080 urbe
894 1033 1068 1081 labores
1106 1050 1161 1080 ac
1196 1033 1400 1095 pericula
1430 1031 1534 1096 pati
1556 1045 1574 1079 ε

255 1105 379 1153 illud
402 1104 477 1150 irae
503 1116 637 1166 atque
671 1103 769 1151 odii
799 1103 1087 1164 exsecrabilis
1111 1103 1333 1149 indicium
1369 1101 1439 1167 est.
1462 1100 1574 1147 An-

252 1172 392 1228 nibal
417 1172 675 1238 ingentibus
709 1171 851 1237 copiis
871 1172 1075 1237 peditum
1109 1171 1394 1235 equitumque
1432 1168 1576 1233 castra

255 1240 545 1308 oppugnavit
565 1277 579 1299 ,
608 1239 653 1288 6³
692 1258 747 1288 ex
770 1253 899 1305 parte
933 1240 1081 1305 cepit:
1121 1253 1249 1287 tanto
1272 1237 1473 1304 periculo
1506 1237 1576 1284 ni-
1606 1267 1612 1272 ·

257 1312 331 1361 lzil
357 1310 465 1358 moti
488 1307 602 1373 sunt
629 1308 685 1356 ab
707 1309 947 1374 obsidione.
978 1305 1211 1373 Profebius
1236 1323 1358 1355 trans
1387 1306 1579 1355 Vultur-

259 1397 367 1430 num
387 1417 402 1439 ,
434 1376 611 1444 peruffit
644 1377 861 1426 Calenum
894 1394 1048 1444 agrum
1084 1395 1096 1424 .·
1123 1377 1245 1425 nilzil
1272 1377 1404 1424 tanta*
1419 1373 1577 1436 flacio-

260 1466 356 1497 rum
387 1448 518 1511 clajde
551 1448 740 1495 avocati
759 1444 885 1509 sunt.
915 1447 1001 1496 Ad
1028 1443 1170 1511 ipsam
1204 1446 1348 1493 urbem
1381 1447 1575 1494 Romam

261 1515 424 1583 inst-’sta
446 1516 583 1582 signa
604 1514 717 1579 ferri
741 1512 868 1581 juffit
897 1533 910 1562 .·
948 1533 1044 1562 eam
1077 1532 1249 1579 quoque
1282 1514 1578 1578 tempestatem

260 1587 565 1637 imminentem
589 1584 863 1650 spreverunt.
891 1580 1193 1649 Transgreffits
1211 1583 1435 1632 Anienem
1455 1619 1468 1640 ‚
1488 1580 1578 1628 tria

262 1655 417 1704 millia
445 1649 658 1721 paffuum
690 1653 748 1701 ab
774 1654 875 1700 urbe
906 1654 1048 1718 castra
1070 1649 1259 1718 posuit;
1279 1649 1491 1716 postremo
1515 1649 1583 1697 ad

263 1724 427 1772 moenia
472 1721 673 1788 ipsa'&
718 1723 783 1769 ad
831 1737 990 1786 portas
1040 1719 1212 1783 acceſjit
1243 1737 1256 1768 .·
1291 1722 1485 1768 Romam
1526 1715 1579 1781 se

261 1795 573 1859 adempturum
616 1790 710 1846 eis,
746 1791 832 1854 nist
863 1792 1110 1838 omitterent
1149 1790 1358 1854 Capuam
1383 1826 1396 1848 ,
1429 1789 1580 1854 osten-

264 1863 337 1910 dit
370 1879 513 1914 :non
549 1858 800 1922 omiserunt.
832 1861 970 1907 Feras
1001 1858 1161 1924 bestias
1194 1875 1308 1907 coeco
1332 1859 1498 1922 impetu
1521 1872 1577 1903 ae

264 1929 387 1979 rabie
420 1928 710 1988 concitatas,
734 1928 782 1993 st
808 1928 874 1976 ad
910 1927 1080 1976 cubilia
1116 1926 1161 1975 ὅ·
1207 1928 1388 1975 catulos
1429 1941 1580 1972 earum

263 2000 329 2050 ire
355 2015 553 2065 pergas,
594 1998 657 2044 ad
688 2014 812 2062 opem
835 1994 938 2058 suis
970 1995 1208 2061 ferendam
1244 2009 1445 2043 avertas.
1480 1995 1582 2041 Ro-

263 2086 427 2117 manos
456 2069 607 2116 Roma
634 2063 908 2131 circumseffa
928 2101 943 2124 ‚
976 2062 1190 2130 conjuges
1220 2101 1234 2124 ‚
1263 2064 1388 2112 liberi
1412 2099 1426 2120 ‚
1467 2078 1582 2127 quo-

263 2155 360 2187 rum
390 2137 607 2202 ploratus
635 2135 740 2183 lzinc
765 2152 902 2200 prope
934 2133 1296 2182 exaudiebantur
1317 2169 1332 2192 ,
1359 2148 1447 2180 arae
1467 2167 1480 2190 ,
1494 2129 1584 2194 fi)-

267 2208 310 2255 ci
330 2243 344 2265 ,
375 2206 507 2263 dezim
537 2204 723 2253 delubra
743 2240 759 2262 ,
783 2202 992 2269 sepulcra
1026 2199 1246 2267 majorum
1284 2215 1496 2250 temerata
1527 2214 1586 2246 ac

269 2275 485 2332 violata,
518 2292 548 2320 a
578 2273 739 2338 Capua
773 2292 863 2321 non
897 2286 1151 2320 averterunt
1181 2288 1193 2317 .·
1219 2284 1352 2319 tanta
1380 2268 1588 2317 aviditas

263 2342 487 2410 supplicii
517 2341 790 2406 expetendi,
822 2355 954 2388 tanta
988 2339 1235 2407 sanguinis
1280 2340 1416 2405 nostri
1462 2337 1590 2384 liau-

275 2413 422 2461 riendi
453 2412 509 2477 est
524 2411 667 2472 sitis!
693 2412 796 2459 Nec
829 2406 1005 2475 injurici
1029 2407 1229 2475 forfitan
1260 2425 1380 2457 :nos
1415 2422 1593 2472 quoque

275 2482 393 2530 idern
416 2477 670 2545 fecffmus
696 2518 707 2535 ‚
720 2480 767 2543 fi
782 2481 896 2527 data
906 2476 1100 2544 fortuna
1122 2474 1235 2541 effit.
1255 2477 1418 2541 Itaque
1437 2491 1593 2540 quan-

276 2551 335 2598 do
364 2550 500 2597 aliter
527 2548 615 2596 diis
649 2548 982 2596 immortalibus
1013 2545 1160 2611 visum
1194 2547 1250 2613 est
1270 2583 1284 2607 ‚
1310 2561 1445 2610 quum
1472 2559 1595 2591 mor-

278 2634 365 2667 tem
400 2637 454 2667 ne
487 2614 685 2680 recusare
720 2617 899 2680 quidem
929 2616 1111 2664 debeam
1134 2634 1155 2674 ;
1183 2614 1412 2663 cruciatus
1434 2626 1594 2660 contu·

278 2684 525 2755 meliasque
560 2704 677 2754 quas
687 2684 842 2754 sperat
864 2686 1001 2754 lzostis
1020 2721 1037 2747 ,
1067 2685 1172 2736 dum
1196 2683 1341 2745 liber,
1374 2683 1478 2731 dum
1506 2677 1597 2734 mei
