1649 3104
386 118 739 176 Linea
821 110 1064 176 XXX.
1262 128 1368 192 391

0 214 12 252 ἶ
78 211 259 280 vestram
283 218 470 283 positis,
486 219 616 284 signa
643 211 891 280 inferentem
922 216 986 263 ad
1017 212 1173 263 moenia
1204 214 1333 262 Rom.
1349 231 1371 272 ,·
1393 228 1583 279 0355&

78 283 151 330 liic
182 287 353 342 cernis,
403 287 570 333 duobus
601 279 847 349 sbrtiffimis
886 284 996 330 viris
1018 281 1240 348 fratribus
1279 282 1370 329 cla-
1392 283 1583 327 1.C.2020

12 348 15 352 ’
77 348 249 413 riſjimis
291 354 619 418 imperatoribus
657 353 852 399 orbatum
872 386 888 407 ‚
925 366 1026 397 ante
1070 349 1226 398 moenia
1262 367 1369 413 pro-

69 435 129 483 pe
173 419 344 485 obfiffae
380 424 539 487 patriae
559 457 574 477 ‚
610 420 765 484 quibus
808 419 937 466 terrui
970 419 1152 484 vestram
1185 417 1328 465 urbem
1351 453 1367 474 ,

77 502 130 532 ea
162 504 247 552 pro
285 508 378 536 mea
415 490 723 553 deprecantem.
755 488 975 535 Affaximae
1005 487 1156 549 cuique
1179 483 1373 549 fhrtunae

79 555 252 603 minime*
286 559 539 604 credendum
571 558 642 622 est.
676 556 729 601 In
762 556 888 602 bonis
919 555 1007 602 tuis
1031 554 1156 600 rebus
1175 588 1191 608 ,
1221 554 1377 618 nostris

80 621 226 671 dubiis
245 660 260 683 ,
290 626 372 672 tibi
403 625 551 689 ampla
572 642 625 670 ac
635 621 839 688 speciosa
867 623 992 670 danti
1016 622 1072 688 est
1091 638 1191 686 pax
1206 637 1227 677 ,·
1252 621 1377 667 nohis

71 693 321 753 petentibus
359 694 500 757 magis
529 689 793 754 neceffizria‚
827 690 956 754 qua'm
990 690 1179 756 lzonesta.
1212 688 1382 735 Melior

78 758 293 824 tutiorque
339 760 396 825 est
443 773 558 805 certa
600 775 698 823 pax
719 793 734 814 ,
768 758 896 821 quam
938 757 1121 822 sperata
1167 756 1347 804 victoria
1367 771 1382 802 ‚⁵

81 825 173 873 ltaec
198 829 244 874 in
270 840 348 873 tua
367 860 382 882 ‚
423 826 505 874 illa
541 828 587 874 in
621 828 792 872 deorum
826 843 958 872 manu
990 827 1060 890 est.
1090 825 1168 872 Ne
1200 837 1267 870 tot
1295 841 1382 870 an-

79 908 230 942 norum
253 892 515 959 felicitatem
548 895 594 941 in
628 895 756 940 unius
787 893 901 940 lzorae
935 894 1101 939 dederis
1134 889 1382 955 discrimen.

86 961 235 1023 Quum
280 975 382 1009 tuas
424 963 572 1018 vires,
610 973 699 1008 tum
747 962 836 1009 vim
869 958 1061 1025 fortuna
1105 961 1382 1023 Martemque

81 1026 185 1077 belli
212 1046 503 1087 communem,
525 1045 719 1095 propone
746 1029 905 1075 animo.
940 1028 1170 1091 Utrimque
1185 1023 1381 1092 ferrum,

78 1110 261 1161 corpora
310 1098 502 1145 liumana
547 1110 706 1145 erunt:
735 1095 946 1160 nusquam
985 1096 1128 1143 minus
1166 1093 1295 1159 qua‘m
1334 1094 1381 1141 in

80 1161 193 1211 bello
229 1178 406 1213 eventus
437 1164 702 1231 respondent,
742 1165 850 1211 Non
891 1177 1059 1211 tantum
1093 1163 1156 1209 ad
1185 1163 1235 1209 id
1267 1162 1388 1226 quod

79 1231 190 1279 a'ata‘⁴
228 1248 342 1297 pace
386 1229 482 1294 jam
532 1232 685 1281 habere
723 1246 884 1296 potes,
911 1231 959 1294 si
987 1228 1141 1294 proelio
1186 1230 1381 1287 vincas,

76 1297 230 1364 gloriae
271 1298 483 1363 adjeceris
506 1335 521 1356 ,
559 1313 766 1363 quantum
809 1300 1019 1346 ademeris
1042 1334 1055 1356 ‚
1080 1298 1127 1361 fi
1156 1297 1265 1360 quid
1296 1297 1384 1343 ad-

77 1367 191 1432 versi
205 1402 221 1426 ,
253 1367 438 1415 eveniat.
473 1366 621 1415 Simul
636 1380 773 1432 parta
800 1383 855 1413 ac
873 1364 1054 1430 sperata
1075 1366 1232 1412 decora
1251 1365 1382 1411 unius

78 1432 196 1482 horae
216 1431 404 1500 fbrtuna
446 1452 628 1482 evertere
658 1435 811 1500 potest.
846 1434 1010 1482 Omnia
1048 1434 1094 1479 in
1126 1450 1239 1497 pace
1265 1429 1381 1496 jun-

76 1503 221 1566 genda
268 1517 352 1549 tuae
388 1503 620 1569 potestatis
658 1501 765 1568 fient
781 1538 798 1559 ,
830 1502 889 1550 P.
932 1501 1102 1550 Corneli
1121 1518 1142 1559 ;
1179 1514 1282 1547 tunc
1327 1518 1380 1546 ea

79 1569 278 1618 habenda
319 1567 506 1633 fortuna
548 1571 629 1617 erit
655 1606 672 1626 ,
722 1588 852 1634 quam
900 1567 964 1617 dii
1010 1569 1217 1616 dederint.
1265 1567 1388 1615 Inter

74 1655 225 1704 pauca
261 1635 501 1702 felicitatis
542 1637 799 1702 virtutisque
850 1637 1050 1703 exempla
1095 1639 1166 1685 M.
1204 1637 1387 1686 Atilius

79 1706 298 1771 quondam
323 1706 369 1752 in
394 1708 479 1753 lzac
502 1707 649 1753 eadem
679 1720 793 1753 terra
814 1703 999 1770 fuiffet,
1009 1707 1057 1770 fi
1071 1707 1206 1753 vibler
1223 1723 1381 1771 pacem

71 1774 321 1840 petentibus
336 1772 516 1838 dedtffet
520 1774 725 1838 patribus
744 1775 1014 1840 nostrisznosz
1025 1775 1257 1840 statuendo
1277 1789 1383 1822 tan-

20 1875 23 1879 ι
78 1842 174 1889 dem
199 1838 418 1905 felicitati
449 1844 623 1889 modum
643 1880 654 1897 ,
687 1860 764 1892 nec
795 1843 1032 1889 cohibendo
1066 1839 1303 1906 efferentem
1331 1842 1384 1907 se

67 1906 299 1975 fhrtunam
319 1945 334 1965 ,
379 1924 542 1974 quanto
592 1910 731 1958 altius
775 1910 916 1957 elatus
959 1924 1086 1967 erat,
1128 1927 1178 1956 eo
1214 1908 1383 1976 foecliics

79 1979 254 2025 corruit.
291 1978 373 2043 Est
410 1979 580 2041 quidem
621 1975 716 2042 ejus
753 1980 829 2042 qui
857 1979 938 2025 dat
957 2014 973 2035 ,
1002 1995 1089 2025 non
1117 1979 1193 2042 qui
1227 1980 1342 2042 petit
1363 2015 1380 2037 ‚

78 2047 349 2093 conditiones
386 2046 525 2092 dicere
551 2047 683 2110 pacis
701 2064 722 2104 ‚·
750 2045 834 2110 sed
856 2043 1046 2111 sbrfitan
1084 2063 1171 2093 non
1208 2047 1380 2112 indigni

66 2114 207 2179 fimus
232 2150 248 2171 ,
283 2114 359 2178 qui
385 2111 700 2178 nobismetipsts
739 2113 937 2162 mztle‘t'am
979 2116 1228 2180 irrogemus.
1266 2116 1380 2162 Non

76 2180 326 2246 recusamus
350 2182 455 2245 quin
484 2183 629 2228 omnia
650 2217 667 2239 ,
696 2197 876 2247 propter
904 2200 998 2248 quae
1034 2181 1192 2230 bellum
1219 2184 1376 2230 initum

76 2251 161 2317 est,
181 2252 321 2316 vestra
336 2251 430 2314 sint
441 2267 464 2308 5
478 2250 638 2298 Sicilia
654 2286 670 2306 ,
689 2251 901 2298 Sardinia
919 2287 934 2309 ‚
959 2249 1191 2316 Hispania
1208 2287 1224 2307 ,
1251 2252 1376 2315 quic-

75 2322 185 2387 quid
210 2316 449 2384 insularum
477 2332 569 2365 toto
605 2319 717 2365 inter
744 2316 955 2384 Africam
981 2319 1244 2383 Italiamque
1276 2335 1378 2365 con-

75 2391 237 2439 tinetur
263 2387 386 2434 mari.
423 2385 832 2452 Carthaginienses,
868 2387 1025 2451 inclusi
1051 2388 1100 2434 A
1095 2384 1222 2450 fricae
1249 2385 1378 2433 litto-

76 2458 195 2507 ribus
213 2492 228 2516 ,
263 2472 345 2505 vos
373 2451 394 2520 (
416 2455 590 2519 quando
621 2455 687 2502 ita
720 2456 808 2502 diis
834 2454 1048 2520 placuit)
1073 2453 1169 2520 (8)
1194 2469 1375 2502 externa

139 2595 165 2636 8
199 2593 375 2634 Externa
392 2616 503 2632 .....
522 2604 691 2648 regentes
754 2602 897 2632 centes
918 2592 959 2631 in
981 2601 1144 2632 exteras
1165 2593 1372 2634 nationes.

70 2657 279 2714 imperia]
315 2653 534 2710 Imperium
565 2666 690 2696 exer·
754 2655 941 2711 Regentes
958 2657 1118 2709 imperia
1138 2686 1148 2704 ,
1173 2654 1237 2695 hia:
1262 2656 1370 2696 side:-

1039 2714 1083 2762 R
1124 2715 1165 2762 'vis'
