1649 3104
309 123 413 181 :452
616 111 902 167 INDEX
970 113 1304 172 RERUM.-

317 197 539 242 Penetrale
563 200 657 242 aedis
682 203 852 253 Vestae‚
877 200 1036 246 XXVI.
1066 216 1139 257 27.

313 255 601 315 Peparethus,
626 262 787 306 XXVI
793 265 824 305 1.
850 280 891 317 5.

312 319 503 379 'Perfugae
530 324 661 367 Latini
687 326 817 367 securi
843 324 1159 381 percutiuntur,
1181 317 1319 369 XXX.
1343 337 1419 382 43.

314 383 537 440 Pergamus
556 416 568 437 ‚
591 385 747 429 XXIX.
785 402 792 425 ι
814 401 849 427 ι.

313 442 488 487 Perseus
509 448 673 489 relicstus
699 463 720 488 a
748 448 934 502 Philippo
958 462 1049 489 cum
1077 458 1254 503 quatuor
1277 449 1454 492 millibus
1479 455 1611 495 arma·

374 517 512 549 torum
534 510 586 550 ad
614 510 755 550 fauces
772 509 1015 560 Theffaliae,
1043 509 1202 552 XXVI.
1232 525 1305 563 25.
1615 556 1621 564 „

312 566 493 611 Perusini
522 571 711 612 abietes
702 586 743 611 ιη
769 571 1022 613 fabricandas
1047 585 1201 622 naves,
1233 572 1274 612 ὅ(
1300 573 1495 614 frumenti
1522 588 1611 616 ma-

374 639 495 687 gnum
515 646 728 672 numerum
748 634 1000 691 pollicentur
1018 603 1231 687 Scipioni,
1258 628 1554 688 XXV111.45.
1595 661 1597 663 ·

308 687 521 734 Peffinus
511 708 550 733 in
570 692 778 750 Phrygia,
794 688 957 736 XXIX.
981 708 1049 737 ιο.
1069 692 1171 736 ldaea
1190 705 1319 737 mater
1338 710 1360 736 a
1381 694 1611 740 Pessinunte

326 791 329 796 ,
371 753 546 794 Romam
569 755 954 806 adveaa‚1·b1·d.&
980 769 1048 797 11.

309 813 571 868 Pestilentia,
600 831 689 870 quae
709 819 834 873 magis
857 819 896 857 in
917 818 1065 873 longos
1086 819 1255 860 morbos
1274 849 1286 870 ,
1314 833 1433 874 quam
1450 819 1492 860 in
1511 833 1608 874 per-

373 877 543 920 niciales
572 877 695 920 evafit
713 910 723 929 ,
751 879 930 920 XXVII.
958 893 1031 933 23.

309 937 437 980 Pestis
459 940 499 979 in
520 941 772 981 exercitibus
790 940 979 981 Romano
1003 941 1264 995 Punicoque,
1281 940 1481 986 XXVIII.
1503 941 1578 993 46.
1623 947 1625 949 ’

310 997 471 1040 Petelia
495 1003 590 1043 urbs
610 1002 652 1042 in
671 1001 844 1042 Bruttiis
860 1034 870 1052 ,
892 1000 1076 1044 XXVII.
1100 1004 1171 1044 26.

306 1058 571 1104 Philemenus
591 1077 715 1117 quum
738 1065 997 1116 reciperetur
1014 1060 1241 1105 Tarentum
1266 1079 1286 1104 a
1304 1062 1501 1104 Romanis
1519 1097 1530 1116 ,
1555 1060 1611 1108 ita

368 1123 480 1177 perit
513 1154 525 1174 ,
568 1132 616 1165 ut
645 1138 796 1180 corpus
830 1125 920 1181 ejus
952 1126 1146 1180 nusquam
1177 1126 1309 1168 fuerit
1340 1126 1559 1169 inventum
1595 1153 1612 1181 ,

366 1181 549 1229 XXVII.
581 1185 650 1228 16.

312 1242 527 1301 Philippus
546 1248 825 1289 Macedonum
845 1261 921 1289 rex
940 1249 1110 1290 subitam
1133 1249 1440 1304 expeditionem
1458 1248 1499 1289 in
1515 1248 1612 1290 Ori-

370 1308 558 1349 cinorum
583 1320 705 1365 atque
725 1310 1055 1362 Apolloniatium
1075 1310 1178 1352 fines
1197 1310 1294 1351 facit
1312 1339 1323 1358 ‚
1352 1309 1512 1353 XXVI.
1537 1323 1609 1366 25.

368 1369 412 1411 in
432 1368 678 1412 Thessaliam
704 1372 913 1412 descendit
932 1404 943 1423 ,
969 1372 1066 1414 ibid.
1093 1373 1201 1414 redit
1221 1371 1372 1413 Pellam
1392 1403 1407 1420 ,
1431 1371 1526 1413 ibid.

429 1432 596 1473 Achaeis
618 1433 813 1473 auxilium
831 1433 915 1474 fert
932 1465 944 1486 ,
968 1433 1148 1476 XXVII.
1170 1446 1251 1489 30..
1265 1434 1392 1474 vincit
1410 1432 1579 1487 AEtolos
1594 1462 1611 1487 ,

367 1491 465 1535 ibid.
487 1494 520 1534 it
538 1494 579 1535 in
599 1494 931 1550 Peloponnesum
949 1525 963 1544 ,
987 1494 1085 1537 ibid.
1111 1496 1280 1550 repellit
1296 1494 1508 1536 Romanos
1535 1508 1613 1550 po-

365 1557 560 1611 pulantes
587 1570 726 1613 agrum
753 1555 1018 1598 Corinthium
1035 1589 1048 1609 ,
1073 1564 1146 1612 32.
1172 1557 1417 1612 popularem
1441 1556 1484 1597 se
1507 1570 1610 1611 prae·

366 1617 443 1659 bet
459 1648 471 1668 ‚
494 1616 590 1658 ibid.
617 1616 707 1673 ejus
727 1619 985 1660 intoleranda
1003 1618 1132 1660 libido
1150 1649 1163 1670 ‚
1185 1616 1280 1660 ibid.
1302 1616 1576 1675 Polycratiam
1594 1648 1609 1672 ,

366 1677 486 1721 Arati
507 1678 755 1722 Achaeorum
783 1680 979 1735 principis
1006 1694 1180 1722 uxorem
1200 1710 1213 1732 ,
1240 1679 1423 1734 asportat
1448 1680 1489 1721 in
1511 1674 1607 1721 Ma·

368 1740 583 1782 :edoniam
605 1770 616 1789 ,
643 1740 740 1783 ibid.
771 1742 999 1795 periculum
1029 1741 1119 1796 ejus
1149 1742 1191 1783 ὅ(
1218 1741 1379 1798 infignis
1405 1741 1608 1784 fortitudo

367 1803 410 1843 in
435 1816 571 1858 pugna
595 1802 791 1844 adversus
818 1803 1058 1856 Romanos,
1085 1816 1319 1860 eorumque
1346 1803 1510 1855 socios,
1536 1815 1609 1860 3⁷2·

367 1864 476 1905 redit
495 1866 536 1905 in
555 1864 844 1906 Macedoniam
862 1897 873 1916 ,
899 1865 998 1907 ibid.

428 1926 621 1967 hortatur
639 1941 685 1968 ac
706 1936 847 1968 tuetur
867 1927 1002 1968 socios
1020 1958 1031 1978 ‚
1053 1924 1254 1969 XXVIII.
1282 1938 1320 1978 ς.
1339 1925 1504 1968 Attalus
1523 1925 1608 1969 fer-

365 2000 433 2028 me
453 1987 502 2027 ab
530 2002 582 2029 eo
603 1989 850 2043 opprimitur
869 2020 880 2040 ‚
901 2003 943 2041 7.
965 1988 1073 2043 capit
1089 1987 1304 2028 Toronem
1323 1989 1465 2030 urbem
1480 2019 1491 2038 ,
1513 1986 1608 2030 ibid.

367 2047 457 2101 ejus
477 2058 589 2089 metu
607 2050 870 2092 Machanidas
889 2047 1140 2104 compreffus
1159 2080 1173 2097 ‚
1192 2048 1285 2090 ibid.
1306 2048 1395 2101 ejus
1415 2050 1548 2105 oratio
1566 2049 1608 2092 in
1622 2090 1641 2097 „

366 2109 547 2151 concilio
566 2111 814 2152 Achaeorum
832 2142 846 2161 ,
869 2111 924 2152 ib.
945 2110 1063 2152 classe
1086 2112 1126 2151 in
1144 2109 1344 2152 AEtoliam
1365 2111 1606 2159 contendit,

366 2170 419 2213 th.
437 2172 478 2212 in
495 2185 665 2227 regnum
684 2173 789 2215 redit
806 2204 818 2223 ,
838 2184 885 2214 ut
903 2172 1106 2214 Dardanis
1136 2171 1287 2213 inferat
1303 2174 1456 2213 bellum
1476 2206 1486 2223 ‚
1510 2172 1604 2214 ibid.

430 2234 467 2274 ei
485 2233 660 2275 ducenta
677 2236 836 2290 argenti
852 2236 1005 2276 talenta
1021 2236 1273 2289 pollicentur
1287 2234 1604 2291 Carthaginien-

367 2294 455 2346 ses,
473 2296 573 2336 utin
590 2296 767 2336 Siciliam
783 2328 793 2346 ,
810 2306 878 2337 aut
893 2297 1048 2336 Italiam
1064 2295 1240 2347 trajiciat
1255 2327 1264 2345 ,
1279 2295 1440 2339 XXIX.
1455 2310 1497 2348 4.
1516 2310 1607 2338 cum
1644 2301 1647 2306 '

367 2371 420 2400 eo
442 2371 584 2411 pacem
602 2355 736 2398 AEtoli
756 2358 911 2398 faciunt
925 2390 935 2407 ,
965 2372 978 2399 1
994 2372 1033 2398 2.
1054 2358 1235 2411 itemque
1255 2357 1458 2403 Romani,
1478 2357 1574 2397 ibid.

429 2433 505 2473 per
531 2420 691 2474 legatos
720 2420 826 2473 petit
852 2418 920 2459 fibi
945 2419 1101 2460 restitui
1127 2419 1381 2460 Macedonas
1409 2417 1476 2474 qui
1500 2418 1604 2474 apud

366 2480 612 2522 Annibalem
629 2481 820 2522 mercede
851 2479 1088 2521 militassent
1107 2512 1117 2530 ‚
1151 2480 1340 2535 captique
1371 2482 1411 2521 in
1431 2480 1602 2521 vinculis

369 2541 500 2582 effent
515 2573 527 2593 ‚
553 2540 690 2581 XXX.
707 2555 781 2593 42.
807 2540 898 2582 Vid.
921 2542 958 2582 6-
983 2553 1048 2598 33.
1069 2541 1179 2583 triste
1201 2542 1438 2597 responsum
1456 2541 1605 2598 legatis

369 2619 392 2644 a
417 2603 560 2644 senatu
585 2603 787 2645 redditum
805 2634 816 2654 ,
841 2615 915 2655 42.

305 2665 519 2721 Phiiippus
538 2663 801 2722 Epirotarum
824 2675 1007 2722 μεῖον,
1032 2662 1189 2707 XXIX.
1216 2678 1289 2712 η.
