1649 3104
90 201 284 252 U.c.54¹).

90 257 324 337 31.C.2·:3.fi

296 119 412 202 378
700 115 776 179 T.
859 122 908 179 L
949 137 972 179 1
1015 137 1062 177 v
1104 138 1127 179 1
1169 138 1192 181 1

355 215 548 270 XXII.
585 213 690 269 Jam
729 218 917 269 dimisso
954 220 1104 270 Laelio
1132 258 1147 281 ,
1182 220 1444 291 legatisque
1484 220 1624 274 Mat

329 287 454 338 nissae
471 325 486 348 ‚
514 306 664 355 quum
690 286 1154 355 Carthaginiensium
1180 289 1361 358 legatos
1386 293 1447 341 de
1477 307 1597 359 pace

290 357 350 406 ad
385 356 599 406 senatum
626 359 879 409 venientes
904 355 1115 405 Puteolis
1142 357 1298 417 visos,
1328 361 1440 409 inde
1469 361 1596 411 terra

289 442 526 475 venturos
570 426 766 475 allatum
815 422 972 485 esset3
1026 428 1248 476 revocari
1297 427 1357 478 C.
1394 428 1596 477 Laelium

289 494 511 561 placuit,
551 507 603 542 ut
649 509 815 542 coram
864 509 926 541 eo
974 490 1035 542 de
1079 511 1196 560 pace
1241 512 1479 563 ageretur.
1522 494 1598 560 Q.

291 562 491 612 Fulvius
542 560 678 611 Gillo
708 597 723 621 ,
772 561 957 627 legatus
1009 560 1249 627 Scipionis
1281 600 1297 623 ,
1344 564 1600 630 Carthagi·-

292 626 478 681 nie'nses
509 630 719 678 Romam
755 630 988 688 adduxit3
1017 631 1190 697 quibus
1221 634 1382 680 vetitis
1412 632 1598 700 ingredi

291 699 463 749 urbem
486 735 514 756 ,⁷
535 697 796 763 hospitium
828 700 875 745 in
910 698 1027 747 villa
1065 699 1256 763 publica
1278 737 1291 757 ,
1323 700 1508 749 senatus
1537 700 1600 748 ad

140 768 447 834 Legatiaedem
485 766 702 816 Bellonae
743 766 882 815 datus
925 765 1008 814 est.
1043 764 1331 817 Orationem
1373 769 1597 817 eamdem

95 841 267 882 Cartha-
293 836 445 884 ferme
476 872 489 894 ,
547 853 690 900 quam
741 834 868 900 apud
917 832 1195 899 Scipionem
1228 873 1242 896 ,
1290 837 1559 886 habuerunt
1586 871 1602 895 ,

90 902 480 969 ginienftsculpam
515 920 714 951 omnem
745 903 861 950 belli
892 919 916 949 a
954 903 1149 968 publico
1181 903 1380 954 consilio
1414 907 1463 953 in
1495 907 1598 954 An·

91 962 139 1004 ὅθ’
167 969 502 1025 lew-nibalem
536 986 803 1021 vertentes.
836 971 955 1018 Eum
985 969 1156 1036 injuſsu
1176 971 1361 1037 senatuis
1389 990 1476 1033 not}
1505 972 1602 1022 Al-

285 1039 539 1109 pesmodb
564 1075 579 1097 ,
617 1038 702 1104 fid
737 1040 906 1087 Iberum
949 1057 1032 1103 quo
1063 1057 1114 1086 ue
1153 1039 1466 1107 transgressum
1486 1058 1500 1089 .·
1523 1058 1601 1088 nec

293 1109 514 1158 Romanis
542 1107 691 1172 foliam
709 1143 725 1164 ,
754 1106 840 1172 sed
866 1107 966 1154 ante}
1006 1059 1138 1156 diam
1174 1111 1436 1174 Saguntinis
1457 1146 1473 1166 ‚
1499 1110 1602 1175 pri-
1633 1146 1637 1149 -

293 1192 401 1227 vato
450 1176 627 1240 confilio
669 1175 829 1223 bellum
865 1175 1076 1240 intulzsse.
1122 1178 1308 1224 Senatui
1342 1194 1397 1225 ac
1432 1176 1602 1243 populo

295 1245 646 1310 Carthaginienst
666 1281 681 1301 ,
714 1245 761 1308 fi
806 1244 903 1308 quis
949 1243 1045 1290 vere
1087 1245 1264 1310 eastimet
1287 1280 1305 1301 ,
1342 1245 1491 1310 foedus
1542 1245 1606 1292 ad

296 1332 391 1362 eum
430 1314 543 1360 diem
588 1310 853 1359 inviolatum
895 1309 985 1376 esse
1031 1329 1125 1359 cum
1169 1313 1403 1362 Romanis.
1447 1313 1603 1378 Itaque

297 1382 414 1431 nihil
438 1381 567 1428 aliud
588 1381 679 1445 fibi
710 1381 965 1428 mandatum
996 1378 1085 1443 esse
1116 1382 1181 1427 uti
1210 1394 1405 1447 peterent
1424 1415 1438 1438 ‚
1471 1380 1601 1446 qua'm

297 1465 349 1499 ut
383 1450 429 1498 in
458 1466 509 1496 ea
534 1466 683 1513 pace,
713 1465 807 1512 qzzae
839 1447 1052 1514 postremo
1087 1465 1183 1496 cum
1216 1449 1389 1514 confide
1419 1450 1603 1498 Lutatio

291 1516 418 1585 firi-‘la
447 1516 584 1582 eſset,
613 1525 782 1564 manere
817 1516 975 1563 liceret.
998 1513 1172 1579 Quum
1191 1553 1205 1576 ,
1229 1514 1310 1583 (3)
1333 1534 1472 1566 more
1506 1532 1604 1566 tra-

298 1587 402 1636 dito
424 1622 438 1645 ,
470 1584 681 1633 Patribus
714 1582 1001 1650 potestatem
1031 1584 1396 1652 interrogandi,
1429 1584 1463 1634 fi
1501 1587 1607 1654 quis

299 1654 418 1723 quid
455 1654 643 1711 vellet,
682 1652 865 1718 legatos
907 1665 1083 1718 praetor
1124 1651 1340 1713 feciffet3
1371 1652 1607 1704 seniores-

300 1740 395 1790 que
442 1723 524 1789 qui
568 1720 834 1769 foederibus
880 1719 1229 1781 interfuerant,
1278 1721 1366 1770 alia
1412 1723 1490 1771 alii
1532 1725 1608 1771 in-

297 1803 605 1857 terrogarent
622 1827 637 1848 ,
663 1806 751 1837 nec
779 1787 1042 1838 meminisse
1070 1807 1156 1856 per
1177 1805 1366 1840 aetatem
1387 1789 1607 1857 (etenim

300 1876 473 1909 omnes
520 1857 672 1906 ferme
711 1855 915 1923 juvenes
955 1860 1136 1920 erant)
1175 1859 1393 1908 dicerent
1427 1859 1605 1926 legati;

301 1928 656 1978 conclamatum
690 1943 749 1975 ex
782 1927 916 1975 omni
951 1939 1085 1992 parte
1124 1928 1265 1975 curiae
1300 1926 1366 1976 est
1388 1965 1403 1985 ‚
1430 1926 1608 1979 Punic&

304 1996 472 2046 fraude
500 1994 678 2045 electos
696 2031 709 2050 ‚
735 1996 817 2062 qui
842 2008 1062 2047 veterem
1095 2011 1266 2062 pacem
1294 2010 1573 2063 repeterent
1591 2033 1608 2059 ,

311 2063 448 2128 cujus
477 2062 564 2129 ipsi
594 2081 694 2112 non
724 2060 1063 2112 meminissent.
1627 2100 1631 2104 -

370 2132 558 2182 XXIII.
596 2131 782 2182 Emotis
814 2130 989 2180 deinde
1020 2130 1152 2180 curia
1185 2131 1389 2199 legatis,
1420 2130 1609 2182 senten·

304 2202 381 2252 tiae
417 2202 701 2267 interrogari
734 2216 922 2267 coeptae.
954 2199 1028 2249 M.
1062 2198 1227 2249 Livius
1260 2198 1320 2249 C.
1345 2198 1607 2251 Servilium

303 2268 548 2320 consulem
573 2307 588 2330 ‚
623 2270 705 2336 qui
735 2270 939 2336 propior
977 2266 1090 2317 esset
1112 2304 1128 2326 ‚
1161 2267 1488 2318 arcessendum
1512 2307 1524 2327 ,
1561 2283 1636 2321 ut·

304 2357 469 2389 coram
512 2357 572 2388 eo
612 2338 672 2387 de
718 2354 836 2404 pace
882 2351 1142 2403 ageretur,
1180 2336 1418 2387 censebat.
1461 2339 1610 2403 Quum

289 2410 359 2456 'de
404 2427 447 2456 re
490 2404 654 2472 majore
689 2405 820 2471 q'uaim
861 2419 1027 2470 quanta
1069 2424 1121 2452 ea
1167 2403 1277 2471 esset
1297 2441 1312 2465 ‚
1345 2405 1624 2471 consultatio·

307 2477 497 2526 incidere
531 2493 618 2523 non
642 2473 795 2542 poſset
815 2510 831 2534 ‚
864 2491 951 2522 non
983 2475 1125 2522 videri
1141 2474 1232 2539 sthi
1251 2510 1268 2532 ‚
1295 2473 1469 2540 absente
1500 2491 1610 2523 con-

372 2627 395 2670 3
433 2613 550 2654 More
569 2613 743 2668 tradito]
759 2611 821 2653 Ex
841 2626 931 2653 mo-
992 2621 1086 2667 ptus
1107 2612 1155 2652 ad
1181 2612 1284 2654 hanc
1304 2620 1464 2656 aetatem
1482 2611 1617 2667 trans-⁴

306 2687 355 2717 te
377 2706 389 2728 ‚
417 2676 484 2730 qui
514 2692 536 2716 a
566 2675 778 2716 veteribus
810 2688 931 2717 acce·
996 2673 1129 2717 miffus
1152 2684 1255 2717 erat.
1633 2682 1640 2688 ’
