1649 3104
297 130 343 186 L
387 145 408 185 1
452 140 487 185 Β
535 141 568 183 ε
615 142 650 181 R
737 122 1111 183 XXVIII.
1243 133 1351 197 245

58 206 204 276 'depta
240 210 349 259 esset
373 247 387 267 ‚
425 204 701 262 muicaffet,
743 207 790 253 ni
831 222 941 253 cum
976 203 1168 271 reliquis
1215 205 1354 268 quin-
1373 207 1567 262 U,c.54(3.

38 281 150 344 ,qu'e
190 280 388 328 navibus
431 274 677 326 Adherbal
718 273 840 322 velis
875 274 922 320 in
960 272 1176 320 Africam
1210 268 1359 319 trans-
1375 264 1570 311 ss-C·206·

59 345 264 394 misisset.

124 413 305 461 XXXI.
343 413 514 461 Laelius
542 408 694 459 vittor
725 406 964 456 Carteiam
992 404 1240 462 τενεξὶιιε,
1277 422 1361 452 au-

23 542 26 543 ⁷
61 477 167 528 ditis
201 499 306 547 quae
336 480 435 528 aesia
470 478 688 530 Gadibus
724 491 854 524 erant
876 512 892 531 ‚
924 472 1209 540 patefa&am
1249 489 1358 535 pro-

60 547 326 603 ditionem,
370 544 735 611 conjuratosque
779 541 937 592 missos
982 539 1318 606 Carthaginem
1344 575 1358 597 ‚

61 613 192 681 spem
228 617 285 663 ad
314 617 497 662 irritum
531 612 765 662 redaeam
785 648 796 670 ,
828 611 920 677 qua
951 607 1184 658 venissent
1202 645 1222 663 ,.
1245 624 1361 653 nun-

62 684 144 731 ciis
172 684 232 731 ad
264 684 318 731 L.
354 682 588 729 Marcium
621 677 793 736 missis,
830 676 914 725 nisi
944 675 977 723 [ι
1006 692 1161 724 terere
1195 672 1362 721 frustra

59 763 251 815 tempus
289 750 500 798 sedendo
535 749 593 795 ad
626 745 791 796 Gades
819 746 1035 800 vellent,
1062 742 1360 791 redeundum

62 820 122 867 ad
154 820 497 884 imperatorem
530 814 621 864 effe
642 850 656 871 ,
683 812 957 861 assentiente
987 811 1175 860 Marcio
1200 847 1215 867 ,
1250 826 1366 874 pau-

65 903 149 934 cos
188 884 293 950 post
337 885 438 933 dies
477 882 620 932 ambo
663 879 1002 945 Carthaginem
1043 879 1245 927 rediere.
1282 875 1366 924 Ad

31 969 34 971 ’
67 971 274 1019 quorum
310 951 551 1001 discessum
588 967 686 998 non
720 947 967 1013 respiravit
994 946 1145 996 modo
1182 944 1364 1011 Mago,

52 1039 214 1087 —quum
255 1021 381 1069 terra
416 1020 630 1086 marique
672 1018 862 1081 ancipiti
908 1027 1036 1064 metu
1080 1029 1368 1081 urgeretur3

65 1088 148 1137 sed
194 1090 334 1137 etiam
374 1088 534 1136 audita
579 1085 841 1134 rebellione
880 1083 1140 1150 Ilergetum
1171 1119 1184 1140 ‚
1233 1080 1369 1146 spem

68 1157 408 1221 recuperandae
446 1154 684 1220 Hispaniae
731 1151 959 1206 nansius,
1007 1152 1210 1199 nuncios
1247 1146 1370 1197 Car-

67 1225 309 1290 thaginem
362 1224 421 1271 ad
465 1222 672 1272 senatum
712 1221 886 1277 mittit,
939 1220 1018 1283 qui
1054 1218 1193 1267 simul
1239 1215 1368 1264 sedi-

61 1293 250 1340 tionem
292 1290 484 1340 civilem
527 1294 575 1338 in
620 1287 776 1338 castris
824 1287 968 1335 Rom.
995 1325 1009 1344 ,
1046 1286 1182 1334 simul
1234 1283 1369 1332 defe-

67 1358 274 1407 &ionem
331 1358 568 1407 sociorum
621 1358 667 1405 in
718 1352 869 1410 maius
916 1355 1075 1401 verbis
1128 1351 1370 1402 extollen-

64 1439 167 1485 tes,
205 1427 542 1483 hortarentur,
585 1440 636 1473 ut
678 1423 846 1471 auxilia
881 1424 1159 1476 mitterent,
1198 1420 1369 1485 quibus

63 1493 287 1543 traditum
324 1511 349 1541 a
386 1494 595 1559 patribus
636 1492 892 1556 imperium
940 1488 1176 1554 Hispaniae
1213 1489 1366 1553 repeti

65 1560 231 1628 poffet.
264 1561 553 1610 Mandonius
583 1561 635 1609 δε
665 1558 880 1607 Indibilis
911 1558 955 1605 in
983 1555 1104 1605 fines
1132 1553 1360 1621 regreffi,
1379 1583 1557 1623 Mandm

63 1628 330 1696 paulisper,
371 1629 519 1688 dum,
556 1627 776 1691 quidnam
812 1627 871 1673 de
910 1624 1140 1674 seditione
1183 1622 1361 1672 statue·
1380 1648 1469 1685 nius
1508 1647 1546 1685 6·

65 1711 230 1754 retur,
270 1696 440 1746 scirent
462 1734 477 1756 ‚
516 1694 719 1761 suspensi
751 1696 1068 1762 quieverunt3
1102 1691 1137 1740 fi
1181 1692 1360 1740 civium
1384 1706 1574 1748 Indibilis

67 1766 217 1813 errori
256 1764 609 1831 ignosceretur,
648 1780 746 1810 non
794 1760 1067 1825 diffidentes
1117 1758 1202 1808 fibi
1242 1777 1362 1825 quo·
1385 1770 1518 1822 copias

62 1850 157 1894 que
187 1832 365 1898 ignosci
398 1831 559 1899 posse:
590 1830 840 1898 postquam
869 1829 1060 1895 vulgata
1093 1826 1158 1875 est
1187 1828 1364 1876 atroci·
1384 1842 1539 1869 contra·
1607 1854 1619 1858 v-

63 1915 135 1950 tas
174 1900 425 1966 supplicii,
458 1899 586 1948 suam
625 1914 818 1965 quoque
858 1914 1035 1946 noxam
1076 1897 1177 1962 pari
1216 1895 1363 1960 poena
1381 1891 1493 1934 hunc.

65 1967 344 2017 aestimatam
377 1969 495 2029 rati,
534 1967 718 2016 vocatis
750 1962 903 2013 rursus
936 1963 998 2012 ad
1042 1980 1172 2011 arma
1204 1979 1365 2029 popu-

67 2036 274 2095 laribus,
329 2033 706 2100 contraffisque,
755 2050 860 2100 quae
906 2032 1015 2083 ante
1066 2031 1328 2080 habuerant
1355 2068 1370 2088 ,

69 2105 284 2163 auxiliis,
328 2104 375 2151 in
425 2101 715 2151 Sedetanum
762 2116 961 2167 agrum,
1010 2099 1090 2148 ubi
1127 2099 1368 2164 principio

68 2170 349 2220 defthionis
381 2169 547 2220 stativa
585 2169 878 2227 habuerant,
908 2184 1017 2216 cum
1045 2167 1218 2232 viginti
1251 2166 1366 2216 mil-

18 2253 24 2260 ·
67 2239 189 2288 libus
249 2239 505 2305 peditum,
561 2237 750 2286 duobus
801 2235 1008 2287 millibus
1052 2235 1267 2303 equitum
1314 2234 1368 2300 &

69 2308 338 2375 quingentis
374 2305 795 2355 transscenderunt.

132 2373 342 2424 XXXII.
377 2373 571 2440 Scipio,
607 2390 756 2440 quum
799 2369 897 2419 fide
937 2368 1155 2419 solvendi
1193 2368 1370 2435 pariter

66 2444 290 2491 omnibus
325 2443 478 2489 noxiis
506 2440 801 2507 innoxiisque
833 2437 1085 2504 stipendii,
1119 2450 1221 2485 tum
1249 2436 1368 2485 vul·

66 2523 118 2563 tu
150 2527 203 2558 ac
234 2509 450 2559 sermone
478 2511 526 2557 in
562 2525 731 2556 omnes
762 2507 951 2573 placato
973 2543 987 2565 ,
1022 2504 1160 2554 facile
1193 2515 1367 2554 rec‘on-

67 2578 236 2626 ciliatis
282 2578 483 2625 militum
538 2577 743 2633 animis,
800 2573 1073 2639 priusquam
1115 2570 1266 2620 castra
1305 2571 1365 2631 ab

69 2643 358 2713 Carthagine
382 2659 643 2704 moveret,
665 2644 900 2694 concione
931 2639 1171 2690 advocata
1193 2676 1208 2698 ,
1241 2638 1370 2689 mul·-

1042 2707 1081 2757 L
1116 2706 1164 2774 iij
