1649 3104
309 97 664 154 LIBER
748 93 1089 154 XXVIII.
1236 112 1352 170 227

52 198 201 260 'opera
233 194 544 259 pugnantium
581 189 698 239 fuit:
732 207 841 238 nam
869 193 943 240 alii
977 189 1096 240 miffi
1133 190 1190 240 ab
1218 209 1353 259 regu·
1368 193 1563 252 U..c.546.

55 261 113 310 lis
146 259 248 308 sunt
279 263 335 308 ad
366 261 604 326 specimen
633 256 780 306 infitae
814 262 945 324 genti
983 261 1172 308 virtutis
1198 258 1354 309 osten·
1369 246 1563 294 mei-20¹⁶·

58 328 271 377 dendum
316 347 329 389 3
383 329 458 376 alii
502 326 586 392 ipsi
634 325 826 392 profeffi
880 326 926 374 se
975 344 1265 393 pugnaturos
1306 330 1355 376 in

52 397 248 462 gratiam
280 396 440 455 ducis3
479 397 597 443 alios
631 394 871 442 aemulatio
908 395 960 443 &
993 409 1236 442 certamen
1261 431 1274 453 ,
1300 411 1354 445 ut

56 478 423 530 provocarent²
473 464 827 528 provocatique
883 462 1010 509 haud
1057 462 1358 523 abnuerent,

53 532 237 581 traxit:
277 532 500 597 quidam,
544 548 658 597 quas
705 527 1019 596 disceptando
1063 544 1356 578 controver-

54 596 144 647 fias
197 597 332 646 finire
381 600 696 665 nequierant,
748 613 827 646 aut
872 597 1166 658 noluerant,
1213 596 1356 664 paclo

52 667 178 714 inter
212 666 287 724 se,
325 666 401 733 (4)
435 681 484 714 ut
509 664 743 714 victorem
772 682 844 714 res
879 664 1187 733 sequeretur,
1222 664 1353 714 ferro

54 733 390 782 decreverunt.
414 732 600 798 ‘Neque
645 733 834 782 obscuri
872 735 1060 800 generis
1102 733 1359 792 homines,

52 800 133 849 sed
168 803 281 850 clari
321 800 646 868 illustresque,
679 799 857 849 Corbis
889 801 942 851 &
975 800 1132 851 Orsua
1157 817 1358 866 patrue-

55 869 124 917 les
154 868 350 928 fratres,
385 871 444 918 de
471 870 740 934 principatu
775 869 979 918 civitatis
1001 905 1016 927 ,
1046 886 1190 936 quam
1219 868 1353 918 Ibem
1371 869 1502 913 Corbis
1526 871 1568 913 G·

56 937 295 987 vocabant
328 975 343 998 ‚
401 939 698 1004 ambigentes
737 973 752 994 ,
801 935 930 986 ferro
983 935 1029 985 se
1090 932 1514 988 certaturosorfiw·

57 1004 254 1071 professi
292 1005 407 1053 sunt.
446 1003 621 1054 Corbis
664 1002 817 1069 major
859 1018 959 1053 erat
992 1019 1144 1054 aetate.
1186 1004 1358 1064 Qrsuae

60 1089 195 1138 pater
247 1076 469 1139 princeps
513 1073 731 1139 proxime
782 1073 960 1131 suerat,
1006 1091 1029 1119 a
1067 1072 1209 1122 fratre
1255 1091 1364 1122 ma-

57 1139 162 1206 jore
207 1140 312 1207 post
357 1155 567 1189 mortem
610 1142 876 1206 principatu
925 1139 1142 1207 accepto.
1188 1139 1365 1207 Quum

61 1210 222 1258 verbis
248 1208 520 1275 xdisceptare
554 1207 715 1273 Scipio
744 1208 894 1257 vellet
915 1245 929 1267 ,
959 1226 1013 1257 ac
1045 1208 1210 1259 sedare
1241 1213 1364 1268 iras3

61 1291 287 1344 negatum
331 1277 379 1324 id
417 1277 559 1325 ambo
601 1277 759 1324 dicere
804 1277 1143 1326 communibus
1183 1296 1367 1345 cogna-

61 1346 161 1404 tis,
217 1363 306 1393 nec
361 1344 506 1393 alium
558 1344 763 1393 deorum
814 1344 1171 1404 hominumve,
1218 1346 1364 1413 quarn

63 1412 306 1470 Martem,
357 1412 402 1460 se
455 1412 665 1478 judicem
711 1412 956 1461 habituros
1003 1413 1114 1463 esse.
1161 1413 1364 1463 Robore

60 1478 247 1546 major,
287 1481 444 1529 minor
495 1480 614 1529 flore
662 1483 812 1528 aetatis
860 1480 1029 1540 ferox,
1075 1497 1283 1531 mortem
1318 1484 1368 1529 in

60 1551 354 1608 certamine,
387 1548 530 1616 quam
560 1563 610 1598 ut
641 1549 762 1597 alter
791 1548 985 1597 alterius
1018 1551 1224 1615 imperio
1257 1548 1366 1598 sub·

58 1614 286 1682 jiceretur
309 1655 323 1677 ‚
362 1632 717 1683 praeoptantes,
766 1634 912 1683 quum
949 1617 1106 1665 dirimi
1137 1618 1194 1665 ab
1232 1631 1366 1666 tanta

60 1684 190 1732 rabie
236 1687 488 1750 nequirent
521 1723 532 1741 ,
586 1683 764 1751 insigne
812 1683 1133 1751 speflaculum
1188 1687 1365 1734 exerci-

62 1755 130 1800 tui
167 1754 411 1819 praebuere
445 1754 887 1819 documentumque
912 1790 925 1812 ,
959 1769 1187 1818 quantum
1221 1756 1366 1818 cupi-

65 1821 186 1868 ditas
226 1822 411 1886 imperii
448 1821 625 1869 malum
660 1822 785 1869 inter
816 1822 1045 1869 mortales
1087 1819 1214 1870 ess'et.
1255 1821 1368 1873 Ma⁵

66 1886 147 1954 jor
190 1886 270 1936 usu
302 1906 544 1936 armorum
594 1890 644 1939 δι
690 1887 787 1937 astu
830 1887 1194 1951 facilelstolidas
1235 1891 1365 1938 vires

64 1958 263 2005 minoris
304 1956 576 2022 superavit.
629 1957 757 2005 Huic
811 1956 1127 2023 gladiatorum
1183 1956 1368 2023 specla-

62 2023 173 2073 culo
205 2024 301 2072 ludi
334 2023 556 2072 funebres
583 2024 729 2073 additi
760 2026 833 2090 (ς’)
866 2043 953 2090 pro
984 2028 1122 2092 copia
1154 2025 1207 2075 ὃς
1241 2043 1361 2092 pro-

59 2092 254 2140 vinciali
283 2093 335 2140 &
366 2091 585 2141 castrensi
613 2111 808 2159 apparu.
1404 2129 1451 2171 M
1478 2127 1535 2169 rc·
1560 2142 1581 2169 3

132 2157 325 2207 XXII.
364 2159 462 2208 Res
508 2162 696 2208 interim
735 2161 1046 2208 nihilominus
1091 2159 1150 2209 ab
1193 2160 1361 2228 legatis
1384 2144 1477 2242 Ast‘}
1507 2144 1571 2231 ἐξ

62 2227 367 2294 gerebantur.
437 2226 648 2277 Marcius
711 2228 929 2293 superato
984 2227 1116 2278 Baete
1187 2230 1317 2277 amni
1346 2264 1360 2288 ‚
1385 2206 1507 2308 oppuq

63 2311 210 2361 quem
235 2294 406 2344 incolae
437 2292 626 2344 Certim
660 2296 933 2364 appellant,
964 2297 1078 2346 duas
1109 2298 1361 2362 opulentas
1379 2327 1496 2373 gant,

123 2445 153 2483 4
184 2430 240 2473 Ut
264 2431 442 2473 viflorem
473 2448 528 2474 res
555 2434 684 2488 seque·
747 2435 869 2489 ciali]
890 2435 1042 2475 Delata
1072 2432 1219 2488 copula
1244 2432 1279 2472 G·
1301 2433 1366 2475 le-

62 2496 187 2550 retur]
203 2494 260 2535 Ut
276 2494 405 2535 vissor
419 2496 458 2535 id
472 2496 656 2537 auferret
672 2529 682 2548 ,
750 2511 799 2552 ge
819 2530 829 2545 ‚
847 2511 917 2551 pro
938 2500 1052 2551 copia
1071 2495 1311 2550 provinciali
1330 2494 1368 2536 G·

62 2557 114 2600 de
131 2570 211 2611 quo
234 2556 282 2597 lis
305 2555 425 2599 esset.
751 2557 927 2613 castrensi
937 2570 1147 2614 apparatu.

130 2629 148 2669 5
183 2615 263 2660 Pro
284 2621 401 2675 copia
416 2647 432 2670 ,
461 2618 499 2660 6·
516 2622 682 2675 provin·
1163 2638 1168 2644 ·

977 2683 1025 2734 K
1060 2682 1109 2751 vj
