1649 3104
309 88 357 148 L
401 101 424 144 1
466 99 502 145 Β
549 102 585 145 z
628 102 670 145 a
751 83 1148 150 XXVIII.
1270 102 1379 172 251

70 191 251 257 paucos
298 202 511 237 moratus
550 187 652 236 dies
680 223 696 248 ,
740 188 857 238 dum
907 191 1193 258 imperatam
1231 191 1385 257 p‘ecu·

70 258 199 306 niam
241 253 469 321 Ilergetes
512 270 939 322 pernumerarent‚
993 275 1103 306 cum
1145 260 1382 324 expeditis

71 323 309 373 Marcium
348 323 449 390 jam
491 325 959 392 appropinquantem
1005 323 1212 375 Oceano
1260 325 1385 376 asse-

77 405 250 458 quitur.

138 456 350 507 XXXV.
391 456 622 507 Inchoata
656 475 730 507 res
762 455 858 524 jam
891 458 999 508 ante
1046 459 1106 508 de
1138 457 1383 509 Masinissa

74 526 176 576 aliis
205 541 346 592 atque
377 526 480 574 aliis
514 527 572 575 de
602 525 748 575 caufis
780 525 920 575 dilata
954 540 1085 587 erat,
1120 528 1252 593 quod
1286 527 1391 576 Nu-

80 594 212 644 mida
245 611 353 641 cum
389 593 491 660 ipso
522 595 688 660 utique
726 594 957 660 congredi
991 593 1218 660 Scipione
1248 595 1393 644 vole-

77 661 193 720 bat,
233 676 376 728 atque
414 660 513 724 ejus
547 661 714 709 dextra
748 659 896 710 fidem
933 660 1110 710 sancire
1144 681 1155 712 z
1194 679 1249 710 ea
1286 677 1390 711 tum

77 730 260 779 itineris
289 744 385 776 tam
421 728 552 795 longi
593 746 646 777 ac
683 744 779 777 tam
830 729 960 779 devii
1003 728 1140 778 causa
1172 728 1389 796 Scipioni

77 795 181 846 fuit.
209 795 445 845 Masinissa
480 814 629 862 quum
657 795 876 847 Gadibus
915 795 1064 857 esset,
1101 798 1390 847 certiorad-

1402 174 1595 228 U-c.546.

1401 232 1597 284 a.C.206.

1407 809 1593 868 Mafinzss

35 901 37 905 ι
78 878 280 916 ventare
316 881 426 912 eum
462 882 487 912 a
533 864 723 913 Marcio
770 863 948 924 sacius,
998 864 1233 914 causando
1272 873 1602 926 cor-saffsck·

75 934 234 998 rumpi
286 949 438 998 equos
480 930 686 980 inclusos
732 932 781 979 in
817 931 996 993 insula,
1039 935 1384 1000 penuriamque

80 1002 301 1049 omnium
335 1017 495 1047 rerum
532 1001 582 1050 &
611 999 767 1048 facere
803 1001 1007 1060 ceteris,
1043 1000 1251 1068 &ipsos
1275 1001 1385 1050 sen-

75 1069 167 1118 tire
190 1106 203 1128 ‚
238 1068 297 1116 ad
331 1067 425 1116 hoc
462 1069 676 1134 equitem
709 1067 997 1118 marcescere
1031 1067 1242 1129 desidia,
1275 1068 1387 1118 Ma-

75 1152 255 1203 gonem
300 1135 545 1201 perpulit,
588 1149 641 1184 ut
684 1133 730 1184 se
770 1134 991 1200 trajicere
1036 1138 1084 1184 in
1129 1138 1388 1187 continem-

76 1218 176 1253 tem
201 1203 262 1252 ad
297 1202 663 1269 depopulandos
693 1205 944 1269 proximos
974 1202 1215 1270 Hispaniae
1246 1222 1388 1271 agros

76 1285 334 1339 pateretur.
372 1269 701 1336 Transgressus
740 1286 834 1319 tres
868 1273 1106 1338 principes
1137 1273 1389 1322 Numida·-

77 1357 184 1389 rum
213 1339 489 1405 praemittit,
521 1339 580 1386 ad
611 1352 799 1404 tempus
834 1339 1091 1406 locumque
1133 1341 1387 1407 colloquio

78 1406 414 1465 statuendum3
451 1406 572 1454 duos
601 1424 692 1472 pro
727 1404 973 1456 obsidibus
1003 1409 1194 1457 retineri
1224 1428 1251 1457 a
1285 1408 1390 1457 Sci-

78 1477 226 1543 pione
273 1473 405 1539 jubet
443 1492 454 1523 :
501 1472 691 1523 remisso
735 1476 917 1535 tertio,
956 1476 1075 1542 qui,
1111 1477 1208 1543 quo
1242 1474 1388 1541 juffus

77 1558 217 1602 erat,
273 1543 534 1591 adduceret
587 1540 912 1601 Masinissam,
967 1561 1078 1591 curn
1127 1546 1291 1610 paucis
1337 1545 1387 1593 in

78 1611 380 1676 colloquium
417 1625 673 1660 venerunt.
726 1609 940 1677 Ceperat
983 1609 1078 1676 jam
1122 1613 1231 1660 ante
1277 1610 1388 1661 Nu·-

81 1679 262 1728 midam
305 1696 363 1726 ex
403 1675 526 1726 fama
560 1695 716 1727 rerum
753 1678 987 1746 gestarum
1030 1678 1280 1729 admiratio
1314 1681 1387 1728 vi-

80 1748 153 1806 ri3
183 1745 577 1812 substitueratque
609 1746 768 1794 animo
804 1744 1014 1812 speciem
1043 1763 1239 1815 quoque
1272 1764 1385 1796 cor-

79 1816 213 1881 poris
250 1814 459 1879 amplam
493 1832 546 1862 ac
583 1812 882 1881 magnificam
918 1834 928 1864 :
970 1817 1183 1863 ceterum
1228 1813 1385 1881 major

79 1880 319 1948 praesenris
341 1884 587 1930 veneratio
611 1884 738 1948 cepit
755 1901 769 1942 3
789 1883 839 1930 ἃ
861 1919 874 1939 ,
909 1897 1228 1950 praeterquam
1251 1883 1386 1949 quod

81 1948 248 2015 suapte
295 1951 464 1998 natura
501 1949 648 1997 multa
692 1948 910 2014 majestas
949 1951 1138 2010 inerat,
1181 1950 1387 2000 adorna-

81 2016 164 2067 bat
222 2015 448 2084 promissa
494 2016 702 2066 caesaries
730 2054 744 2075 ,
794 2016 1075 2084 habitusque
1133 2020 1392 2084 corporis,

83 2102 183 2134 non
226 2087 378 2133 cultus
423 2085 696 2139 munditiis»,
738 2084 819 2133 sed
860 2086 1010 2134 virilis
1054 2086 1173 2134 vere
1208 2103 1262 2135 ac
1296 2087 1389 2134 mi·

81 2153 229 2202 litaris
249 2189 264 2212 ‚
292 2155 344 2203 &
382 2168 493 2201 aetas
521 2156 569 2201 in
602 2153 764 2202 medio
798 2155 976 2202 virium
1007 2153 1185 2204 robore
1206 2190 1220 2214 ,
1254 2152 1389 2220 quod

81 2221 271 2287 plenius
323 2219 605 2286 nitidiusque
658 2238 718 2269 ex
774 2220 948 2270 morbo
995 2221 1131 2270 velut
1178 2238 1392 2270 renova-

81 2302 158 2337 tus
205 2288 295 2335 flos
333 2286 540 2351 juventae
579 2288 797 2336 faciebat.
825 2288 981 2353 Prope
1023 2291 1249 2338 attonitus
1284 2287 1389 2354 ipso

86 2354 338 2422 congressu
368 2355 607 2417 Numida,
637 2358 806 2423 gratias
838 2354 918 2424 (7)
943 2359 994 2405 de
1012 2355 1174 2422 fratris
1196 2356 1299 2421 filio
1326 2373 1393 2404 re·

145 2507 170 2543 7
190 2492 502 2548 Defratrisfilio
521 2493 698 2550 remzffo]
763 2509 799 2535 c.
825 2508 841 2536 1
854 2508 878 2549 9
897 2526 908 2545 ‚
935 2492 1180 2534 Masinissam
1207 2490 1392 2536 Maffivae.

8 2586 11 2589 -
82 2552 210 2594 Immo
227 2556 270 2594 de
279 2554 425 2607 sororis
435 2555 528 2610 filio
541 2586 554 2602 ,
571 2567 614 2596 ut
630 2556 700 2598 fibi
763 2557 1009 2600 avunculum
1025 2555 1143 2598 dixit.

84 2615 243 2659 constet
262 2617 398 2659 Livius
413 2648 424 2670 ‚
444 2618 513 2674 qui
531 2618 601 2661 lib.
620 2631 702 2672 27,

1019 2693 1062 2745 L
1095 2691 1147 2764 vj

1400 938 1537 989 pionis

1405 998 1540 1037 collo-

1408 1062 1555 1115 quium,
