1649 3104
294 117 412 198 376
703 118 778 180 T.
860 120 906 178 L
951 137 1060 190 rsv
1103 137 1127 178 1
1169 136 1193 178 1

77 206 253 263 U.c.549
281 218 456 282 quando
490 215 586 265 alid
616 235 660 265 re
695 235 782 267 non
813 220 966 284 potuit
986 254 1001 277 ,
1035 217 1165 266 ruina
1200 216 1480 285 Carthaginis
1510 223 1592 285 op}

44 282 47 284 ’
75 263 437 352 a·C‘²'·“’3·preffz't.
466 282 571 334 Jam
607 285 701 336 hoc
733 285 887 354 ipsum
923 284 1205 352 praesagiens
1238 287 1397 334 animo
1417 323 1433 343 ,
1465 285 1591 352 praeae

273 368 529 420 paraverat
582 356 689 404 ante
739 370 932 402 naves:
967 355 1129 420 itaque
1171 354 1328 402 inutili
1375 354 1586 404 militum

272 421 415 470 turba
463 420 668 489 praesrdii
709 421 871 488 specie·
916 422 965 469 in
1010 421 1192 489 oppida
1232 421 1403 471 Bruttii
1445 423 1586 488 agri,

279 506 388 556 quae
417 507 567 556 pauca
600 491 751 556 magis
787 503 954 549 metu,
977 489 1120 555 quam
1150 488 1247 538 fide
1273 490 1588 540 contineban-

275 572 355 606 tur
380 596 394 616 ,
428 557 654 616 dimissa,
696 557 831 623 quod
871 557 1058 607 roboris
1097 558 1145 605 in
1187 558 1399 606 exercitu
1443 570 1583 617 erat,

274 627 325 674 in
368 625 586 676 Africam
635 623 940 676 transvexit:
979 624 1140 674 multis
1190 624 1345 674 Italici
1393 626 1585 692 generis

273 692 299 759 (
328 696 438 761 quia
472 696 518 743 in
553 692 772 742 Africam
804 692 1049 743 secuturos
1082 693 1349 742 abnuentes
1383 692 1583 742 conces-

267 761 423 811 serant
454 763 504 810 in
540 761 741 812 Iunonis
780 759 989 811 Laciniae
1033 761 1324 822 delubrum,
1363 761 1583 811 inviola-

268 843 373 879 tum
413 830 475 879 ad
513 847 619 880 eam
663 829 846 897 diem)
879 831 927 878 in
963 828 1149 896 templo
1194 828 1298 896 ipso
1337 827 1470 880 foede
1511 829 1596 878 in:

266 897 501 948 terfectis.
533 898 665 947 Rarb
712 914 1005 965 quemquam
1056 898 1202 945 alium
1248 898 1448 962 patriam
1488 914 1579 946 ex-

266 965 359 1014 :filii
388 966 530 1016 causa
564 966 918 1032 relinquentem
939 1002 954 1025 ‚
987 967 1136 1032 magis
1170 963 1397 1013 moestum
1431 963 1577 1016 abiffe

265 1032 465 1093 ferunt,
501 1032 645 1101 quam
677 1033 971 1083 Annibalem
1015 1032 1222 1082 hostium
1263 1032 1387 1081 terra
1426 1049 1582 1083 exce-

266 1101 468 1150 dentem
491 1122 501 1151 :
526 1101 778 1168 respexisse
809 1100 931 1169 saepe
966 1100 1116 1150 Italiae
1149 1102 1306 1150 littora
1326 1138 1343 1160 ,
1371 1101 1425 1150 δὲ
1452 1101 1575 1152 deos

265 1169 584 1238 hominesque
617 1169 947 1231 accusantem,
975 1170 1024 1217 in
1052 1168 1098 1218 se
1126 1186 1320 1236 quoque
1350 1187 1405 1217 ac
1436 1168 1574 1220 suum

264 1237 409 1302 ipsius
444 1253 586 1305 caput
617 1238 911 1288 exsecratum
935 1274 949 1296 ,
985 1237 1103 1303 quad
1132 1255 1218 1285 non
1255 1252 1474 1286 cruentum
1515 1240 1575 1288 ab

266 1308 485 1372 Cannenst
512 1308 693 1355 νὶἑῖονία
724 1307 1119 1356 militem-Romam
1153 1305 1354 1372 duxiffe'z’t.
1386 1307 1574 1372 Scipio-

266 1393 363 1422 nem
397 1376 458 1423 ire
492 1377 557 1423 ad
584 1377 888 1443 Carthaginem
921 1374 1075 1439 aufitm
1095 1411 1109 1434 ,
1135 1376 1210 1440 qui
1237 1373 1393 1439 consul
1414 1375 1573 1439 hostem

266 1444 313 1491 ifz
348 1443 489 1491 Italia
526 1444 710 1492 Poefzum
745 1462 831 1491 non
862 1442 1052 1508 vidzffet.
1087 1445 1145 1491 Se
1178 1457 1345 1490 centum
1376 1442 1571 1490 millibus

264 1527 534 1560 armatorum
564 1514 630 1559 ad
660 1514 951 1577 Trasimenum
981 1511 1025 1558 δ’
1061 1513 1237 1561 Cannas
1268 1512 1383 1576 caests
1405 1547 1419 1569 ,
1451 1511 1571 1559 circa

265 1580 501 1644 Cafilinum
520 1616 535 1639 ,
566 1580 837 1645 Cumasque,
864 1580 909 1628 δ’
935 1580 1106 1628 Nolam
1138 1578 1416 1645 confinuzffia
1450 1578 1574 1629 Haec

263 1647 485 1697 accusans
513 1649 846 1716 querensque,
871 1665 932 1698 ex
960 1648 1143 1698 diutina
1172 1646 1456 1716 posseffione
1485 1647 1575 1698 Ita·

263 1715 341 1765 liae
377 1715 445 1765 est
481 1717 737 1766 detraftus.

330 1782 465 1832 XXI.
507 1784 714 1834 Romam
740 1802 826 1852 per
851 1783 1046 1834 eosdem
1068 1783 1167 1834 dies
1184 1822 1200 1845 ,
1226 1785 1277 1835 ὅ(
1301 1784 1570 1852 Magonem

259 1852 314 1902 &
363 1852 655 1902 Annibalem
707 1852 951 1921 profectos
980 1890 995 1911 ,
1044 1854 1235 1903 allatum
1287 1852 1399 1902 est:
1438 1852 1572 1918 cujus

259 1920 465 1986 duplicis
508 1923 833 1988 gratulationis
871 1924 1038 1971 minuit
1074 1923 1316 1981 laetitiam,
1349 1923 1401 1971 &
1437 1920 1570 1988 qubd

257 2006 428 2056 parum
463 1989 611 2038 duces
648 1992 696 2038 in
728 1991 1072 2040 retinendis'iis
1102 1990 1122 2051 (
1156 2009 1300 2057 quum
1339 1990 1386 2039 id
1426 2008 1573 2039 man-

258 2057 423 2106 datum
456 2057 514 2105 ab
551 2057 713 2107 senatu
747 2058 901 2125 effet)
931 2074 1007 2108 aut
1049 2061 1192 2107 animi
1219 2096 1234 2117 ,
1269 2074 1359 2124 aut‘
1390 2061 1568 2109 virium

255 2124 468 2175 habuisse
512 2128 840 2189 videbantur3
879 2130 930 2178 ὅ(
978 2128 1110 2194 qubd
1157 2126 1343 2176 solliciti
1396 2140 1566 2189 erant,

255 2195 393 2242 omni
425 2193 539 2243 belli
571 2196 701 2245 mole
735 2198 783 2243 in
813 2213 958 2245 unum
993 2197 1169 2245 ducem
1203 2196 1565 2263 exercitumque

254 2262 520 2322 inclinata,
564 2266 660 2329 quo
707 2263 902 2313 evasura
949 2263 1061 2313 esset
1102 2283 1190 2313 res.
1231 2263 1320 2312 Per
1364 2264 1563 2313 eosdem

253 2330 357 2379 dies
392 2331 559 2398 Legati
588 2330 832 2398 Saguntini
869 2348 1106 2382 venerunt
1137 2371 1149 2387 ,
1185 2331 1562 2398 comprehensos

252 2416 367 2448 cum
409 2401 613 2466 pecunia
655 2400 947 2451 adducentes
988 2400 1564 2469 Carthaginienses,‚qui

259 2536 358 2577 tiam
391 2538 604 2592 superiore
636 2553 740 2580 anno
778 2555 800 2581 a
836 2539 880 2582 P.
944 2551 1028 2582 tate
1053 2542 1093 2582 in
1124 2542 1374 2583 deditionem
1409 2536 1562 2579 venisse

259 2599 506 2654 Sempronio
541 2602 708 2642 consule
735 2603 774 2643 vi
808 2617 878 2643 ca·
941 2603 1094 2661 scripsit
1112 2604 1278 2658 Livius,
1302 2601 1457 2646 XXIX.
1482 2601 1577 2660 353„

258 2669 370 2716 ptam
387 2693 400 2720 ,
431 2664 698 2708 Consentiam
723 2666 878 2724 volun-¹
