1649 3104
253 113 329 171 82
662 67 1155 172 T.*L⁴1'v·11

48 205 227 257 [lc-³42
255 214 331 260 nia
365 210 464 278 ipsa
483 196 582 261 sese
614 210 944 261 defendebant
972 231 982 261 :
1015 230 1132 262 rarae
1159 211 1289 262 enim
1310 210 1441 262 scalae
1458 212 1563 263 alti·

49 263 224 305 a.C.210

250 280 406 329 tudini
420 283 596 348 aequari
616 295 866 347 poterant;
888 282 940 330 &
954 318 968 339 ‚
988 299 1087 348 quo
1109 298 1312 348 quaeque
1333 281 1528 330 altiores
1546 318 1567 342 ,

253 365 315 397 eo
335 348 626 398 infirmiores
646 363 794 398 erant.
825 348 991 415 Itaque
1011 367 1161 415 quum
1192 349 1404 398 summus
1433 350 1562 416 quis-

255 433 350 483 que
397 418 609 466 evadere
657 436 755 466 non
795 416 982 482 posset,
1014 417 1222 466 subirent
1256 418 1562 477 tamenalii,

254 485 522 551 onereipso
545 485 882 552 frangebantur
903 503 911 532 :
936 486 1135 552 quidam
1154 485 1385 535 stantibus
1404 486 1533 534 scalis
1548 521 1567 543 ,

254 571 405 620 quum
444 554 647 602 altitudo
696 553 946 620 caliginem
982 555 1135 602 oculis
1177 552 1449 611 offudisset,
1499 553 1562 602 ad

252 637 432 671 terram
471 621 615 670 delati
645 619 763 669 sunt.
816 621 876 670 Et
927 639 1076 688 quum
1119 621 1283 687 paffim
1337 623 1561 671 homines

251 688 485 756 scalaeque
508 704 701 738 ruerent
722 727 739 747 ,
768 688 943 755 &ipso
966 689 1170 740 successu
1201 691 1398 739 audacia
1417 706 1564 757 atque

253 758 468 806 alacritas
512 757 717 806 hostium
765 758 999 807 cresceret
1041 796 1056 818 ‚
1112 757 1294 824 signum
1345 758 1565 823 receptui

255 827 418 875 datum
449 825 549 886 est3
581 827 715 892 quod
748 823 880 892 spem
912 844 1010 874 non
1040 827 1282 892 praesentis
1313 826 1464 875 modo
1499 827 1559 874 ab
1628 858 1632 862 -

253 910 387 944 tanto
423 896 685 943 certamine
716 912 769 942 ac
797 894 962 943 labore
1001 896 1172 960 quietis
1207 892 1436 951 obseffis,
1478 892 1562 943 sed

255 965 401 1010 etiam
433 964 480 1009 in
512 961 761 1028 posterum
788 963 951 1019 dedit,
986 961 1117 1010 scalis
1159 963 1209 1011 &
1250 961 1433 1010 corona
1455 963 1562 1027 capi

253 1031 428 1080 urbem
467 1049 566 1078 non
608 1029 775 1097 posse:
833 1034 982 1097 Opera
1020 1030 1064 1078 6»
1103 1030 1316 1098 dtfficilia
1367 1029 1480 1095 effe,
1517 1031 1567 1079 ὃ*

252 1116 426 1166 tempus
459 1102 623 1147 datura
643 1136 655 1157 ‚
690 1101 753 1146 ad
767 1097 1003 1163 ferendam
1025 1116 1179 1163 opem,
1218 1099 1564 1164 imperatoribus

237 1167 363 1232 suis.
387 1167 484 1216 Vix
507 1169 635 1232 prior
653 1168 885 1216 tumultus
907 1168 1206 1217 conticuerat
1227 1205 1240 1227 ‚
1280 1184 1429 1234 quum
1452 1163 1562 1214 Sci-

250 1238 334 1302 pio
367 1235 426 1284 ab
461 1234 648 1284 defeffis
683 1233 780 1300 jam
811 1234 1170 1301 vulneratisque
1203 1250 1425 1283 recentes
1448 1234 1565 1283 inte·

249 1303 457 1371 grosque
480 1305 597 1353 alios
620 1305 837 1370 accipere
858 1304 1001 1353 scalas
1031 1301 1168 1367 jubet
1185 1341 1198 1361 ‚
1232 1305 1283 1353 &
1303 1305 1350 1352 vi
1372 1301 1565 1368 majore⁴

248 1374 446 1440 aggredi
496 1373 682 1421 urbem.
746 1371 848 1438 Ipse
871 1411 885 1432 ‚
938 1389 987 1421 ut
1037 1373 1079 1420 ei
1125 1373 1402 1420 nunciatum
1454 1369 1520 1420 est
1543 1410 1563 1432 ,

247 1442 413 1493 aestum
450 1441 694 1490 decedere
716 1478 729 1500 ‚
762 1441 893 1506 quod
922 1457 1006 1505 per
1032 1439 1290 1505 piscatores
1317 1439 1560 1488 Tarraco-

247 1510 418 1557 nenses
442 1547 454 1567 ,
493 1528 617 1558 nunc
665 1509 854 1557 levibus
891 1509 1082 1574 cymbis
1114 1546 1130 1568 ‚
1167 1525 1328 1565 nunc,
1369 1509 1450 1556 ubi
1487 1524 1562 1556 ΕΞ

248 1577 460 1627 fiderent
492 1616 505 1637 ,
543 1578 678 1626 vadis
711 1592 1001 1644 pervagatos
1032 1576 1246 1644 stagnum
1267 1617 1277 1634 ,
1321 1594 1559 1641 comper-

248 1661 353 1695 tum
386 1647 594 1695 habebat
618 1683 632 1704 ‚
671 1644 862 1694 facilem
895 1645 1099 1712 pedibus
1130 1645 1189 1694 ad
1218 1662 1408 1694 murum
1430 1660 1561 1693 tran·-

248 1714 389 1763 fitum
410 1715 537 1773 dari,
566 1714 646 1781 (8)
671 1715 729 1762 eo
749 1713 909 1762 secum
933 1729 1139 1762 armatos
1162 1714 1313 1762 duxit.
1335 1712 1561 1762 Medium

249 1783 405 1832 ferme
436 1783 531 1831 diei
559 1797 691 1842 erat3
724 1784 774 1831 ἃ
808 1782 934 1830 adid
955 1821 968 1842 ‚
1005 1783 1136 1849 quod
1166 1781 1244 1830 sua
1276 1781 1445 1848 sponte
1477 1798 1558 1829 ce·

248 1853 393 1901 ciente
419 1852 466 1899 in
491 1869 621 1900 mare
642 1849 756 1899 aestu
777 1851 1054 1899 trahebatur
1088 1869 1207 1917 aqua
1227 1888 1240 1909 ‚
1279 1868 1389 1898 acer
1410 1852 1560 1899 etiam

246 1919 525 1986 Septentrio
543 1935 674 1968 ortus
696 1920 974 1968 inclinatum
992 1917 1203 1985 stagnum
1226 1916 1401 1966 eodem
1419 1957 1432 1978 ,
1457 1918 1563 1985 quo-

249 1988 387 2038 aesius
412 2026 424 2046 ‚
461 1988 681 2047 ferebat,
721 1989 774 2037 ὃς
819 1988 941 2036 adeo
989 1987 1257 2036 nudaverat
1302 1987 1427 2035 vada
1452 2024 1466 2047 ‚
1505 1999 1559 2035 ut

248 2058 362 2107 alibi
392 2057 622 2106 umbilico
659 2072 795 2105 tenus
827 2075 946 2123 aqua
978 2054 1121 2114 esset,
1163 2055 1273 2102 alibi
1301 2072 1455 2122 genua
1475 2055 1559 2102 vix

242 2125 504 2191 superaret.
540 2125 650 2174 Hoc
675 2162 687 2182 ‚
714 2124 826 2172 cura
862 2143 914 2173 ac
955 2127 1136 2172 ratione
1171 2138 1475 2189 compertum
1508 2124 1561 2173 in

247 2195 526 2261 prodigium
553 2212 606 2242 ac
646 2194 765 2242 deos
792 2209 986 2242 vertens
1009 2190 1172 2259 Scipio
1203 2230 1216 2253 ‚
1248 2195 1328 2259 qui
1350 2193 1411 2241 ad
1433 2206 1560 2239 tran-

281 2298 284 2299 ⁷
308 2303 331 2343 8
360 2302 422 2342 Εὸ
438 2302 572 2355 secum
589 2316 764 2344 armatos
794 2305 867 2344 du-
934 2314 1109 2358 gnentur
1130 2334 1141 2354 ,
1191 2303 1452 2358 perspicuum
1498 2302 1558 2344 est·

247 2367 309 2407 xit
331 2366 348 2419 ]
382 2364 647 2406 Armatorum
673 2379 867 2409 numerus
934 2380 1027 2406 eum
1046 2365 1163 2419 supra
1180 2366 1404 2419 exprezl'um
1419 2364 1553 2406 fuisse.

244 2437 413 2472 notatur
426 2427 553 2477 infra,
576 2441 610 2468 c.
638 2428 721 2482 seq.
749 2426 869 2469 Parte
933 2428 1133 2483 Legamus
1167 2426 1233 2467 hic
1259 2443 1359 2483 ergo
1378 2458 1388 2477 ,
1422 2426 1553 2482 Poly-

244 2490 287 2528 in
320 2489 406 2528 alia
449 2492 673 2544 quingsntis
690 2520 700 2529 .
721 2519 758 2530 ..
798 2505 871 2545 per
932 2491 1000 2530 bio
1025 2491 1151 2531 etiam
1176 2490 1342 2530 auftore
1375 2502 1384 2528 :
1418 2488 1480 2528 Εὸ
1504 2489 1555 2528 D

238 2550 420 2606 stagnum
445 2549 591 2603 fizcilis
613 2550 863 2603 transitus...
929 2551 1009 2592 five
1051 2556 1281 2607 quingentos
1313 2550 1449 2605 ficum
1489 2565 1558 2590 ar«

239 2612 324 2665 fuit
353 2627 364 2653 :
401 2627 482 2668 quo
507 2615 603 2654 loco
634 2629 755 2668 quum
776 2613 865 2654 solo
932 2626 1059 2654 matos
1089 2615 1218 2655 duxit,

243 2688 416 2716 numero
465 2676 525 2717 illi
577 2677 727 2718 milites
768 2674 872 2718 defi-²
