1649 3104
332 144 611 199 1NDEX
678 141 1007 198 RERUM.
1201 159 1299 215 45¹

14 235 69 281 T.
87 233 270 278 Otacilio
291 246 539 291 prorogatur
556 235 767 290 imperium
784 266 794 286 ,
815 234 972 277 XXVI.
998 248 1036 278 1.
1055 233 1210 276 rursum
1232 236 1310 276 eli-

78 299 186 354 gitur
204 298 287 339 cos.
312 299 426 337 irrito
449 307 628 346 eventu,
659 298 731 339 22.
747 297 961 337 nunciatur
984 311 1076 338 eum
1102 294 1308 340 mortuum

78 359 160 400 effe
185 360 227 401 in
249 359 415 410 Sicilia,
443 371 514 416 23.
541 358 731 414 pontifex
756 357 890 400 fuerat
906 388 919 410 ,
944 357 1044 404 ibid.

643 479 689 523 P.

17 555 274 647 PACTius
298 602 339 645 ὅ(
357 603 508 644 Vibius
530 602 677 644 fratres
695 635 705 654 ,
728 603 767 644 δ(
787 600 1016 643 nobiliffimi
1037 599 1318 655 Bruttiorum,

84 665 260 705 venitxnt
283 666 331 704 ad
355 666 408 718 Q.
434 665 598 706 Faqum
622 664 706 706 cos.
732 663 914 707 XXVII.
948 679 961 706 1
977 678 1014 718 ς.

24 723 189 766 Paestani
209 756 223 773 ,
254 725 433 767 XXVII.
468 738 532 766 ιο.

23 785 221 828 Palatium
238 818 249 837 ,
267 786 426 826 XXIX.
449 798 518 839 37.
536 787 644 828 aedes
663 787 808 827 Matris
827 787 989 841 Magnae
1008 786 1048 826 in
1066 785 1221 828 Palatio
1234 817 1245 836 ,
1263 783 1324 826 ib.

23 848 134 891 Palla
171 848 277 902 picta
307 861 397 887 cum
427 848 599 888 amiculo
632 862 842 902 purpureo
878 849 987 889 dono
1023 847 1131 890 missa
1167 847 1322 904 reginae

87 908 323 963 Cleopatrae
342 940 352 958 ‚
382 907 559 951 XXVII.
588 923 630 960 4.

23 968 194 1011 Panium
221 970 476 1024 crepidaeque
505 969 743 1010 Graecorum
764 1001 775 1020 ,
802 969 956 1011 XXIX.
985 982 1053 1026 19.

24 1030 215 1073 Pandofia
250 1062 261 1081 ,
305 1033 397 1072 urbs
432 1062 443 1082 ,
484 1030 523 1070 in
557 1031 809 1072 deditionem
851 1032 966 1072 venit
998 1032 1278 1072 Romanorum
1310 1060 1326 1083 ‚

25 1153 178 1196 Parmae
197 1155 366 1194 velitum
386 1184 397 1203 ,
421 1153 636 1194 breviores
658 1154 775 1208 quam
796 1152 1000 1209 equestres
1018 1185 1030 1206 ,
1056 1152 1215 1198 XXVI.
1233 1165 1280 1205 4.

27 1214 210 1258 Parthini
235 1215 407 1284 populi,
434 1214 591 1256 XXIX.
623 1229 688 1256 12.

26 1276 172 1322 Patera
195 1290 246 1316 ex
274 1276 452 1330 quinque
473 1277 611 1329 pondo
641 1275 726 1316 auri
756 1275 858 1316 fasta
884 1276 970 1331 regi
992 1275 1169 1332 Syphaci
1195 1273 1326 1315 mitti·

88 1347 155 1378 tur
169 1337 309 1387 dono,
329 1336 504 1378 XXVII.
525 1351 567 1388 4.
589 1338 771 1378 Pateram
789 1350 951 1378 auream
972 1335 1182 1378 Masinissae
1201 1336 1328 1377 donat

90 1398 259 1451 Scipio,
286 1367 422 1437 XXX.
456 1410 524 1450 15.

31 1480 87 1494 —
108 1459 294 1500 ducentae
329 1473 463 1500 aureae
501 1458 753 1515 septuaginta
788 1456 887 1509 sex,
924 1456 1040 1512 capta
1075 1455 1330 1515 Carthagine

92 1535 228 1569 nova,
257 1519 395 1560 relatae
416 1519 462 1559 ad
484 1520 718 1573 Scipionem
737 1550 748 1570 ,
775 1519 933 1561 XXVI.
955 1532 1028 1572 47.

28 1581 151 1627 Patre
171 1611 184 1628 ,
211 1580 278 1634 qui
300 1581 428 1620 curuli
455 1580 552 1620 sella
579 1579 754 1626 sederit‚
786 1580 882 1622 vivo
900 1612 910 1632 ,
940 1580 1048 1621 filius
1076 1591 1212 1634 neque
1236 1578 1332 1621 trib.

90 1654 227 1695 neque
261 1641 387 1682 aedilis
420 1642 552 1696 plebis
585 1640 676 1696 jure
713 1639 792 1683 effe
825 1640 958 1696 potest
991 1671 1002 1693 ,
1044 1640 1224 1686 XXVII.
1256 1651 1333 1684 21·

89 1701 226 1745 XXX.
264 1712 332 1752 19.

30 1763 148 1810 Pacis
175 1763 435 1804 conditiones
461 1777 552 1804 cum
577 1762 714 1805 Poenis
731 1795 742 1815 ,
767 1762 904 1805 XXX.
932 1775 987 1820 37
1005 1793 1017 1816 ‚
1039 1774 1120 1820 43·

34 1847 92 1860 --
111 1839 202 1866 cum
229 1823 418 1879 Philippo
440 1855 449 1871 ‚
481 1825 640 1867 XXIX.
674 1839 741 1866 12.

33 1887 196 1933 Pecora
215 1918 228 1938 ,
254 1888 426 1940 pecunia
451 1885 543 1927 sunt
568 1885 754 1942 Massylis
773 1917 784 1937 ,
809 1884 965 1927 XXIX.
995 1894 1067 1936 31.

36 1970 93 1982 -—
111 1947 292 1989 hostibus
316 1947 477 2000 obierim
503 1962 576 2001 per
600 1947 754 1988 infidias
773 1978 785 1998 ,
812 1947 1009 1988 XXVIII.
1039 1958 1112 2002 33.

35 2010 225 2055 Pecuniae
245 2024 267 2049 a
286 2009 452 2062 privatis
474 2009 522 2050 ad
541 2009 827 2050 sublevandam
855 2008 984 2050 aerarii
1004 2006 1183 2063 inopiam
1202 2007 1336 2049 colla-

99 2081 181 2119 tae,
209 2070 367 2112 XXVI.
397 2070 469 2125 36.

35 2132 227 2177 Pecuniae
250 2132 291 2171 in
314 2133 497 2173 aerarium
517 2131 609 2172 latae
628 2161 642 2180 ,
671 2130 871 2174 XXVIII.
895 2146 920 2190 9
940 2163 952 2184 ,
984 2131 1027 2174 ὅ(
1046 2130 1117 2186 38.
1140 2129 1177 2171 δ’
1194 2127 1335 2186 paffim

100 2197 142 2233 in
164 2193 382 2247 triumphis.

38 2254 261 2300 Pecuniam
278 2267 329 2294 ex
348 2251 490 2295 aerario
511 2251 649 2295 scribae
666 2253 933 2308 viatoresque
949 2252 1103 2294 aedilitii
1120 2254 1220 2294 clam
1238 2265 1338 2308 ege·

103 2326 230 2366 runt,
249 2315 382 2356 XXX.
405 2327 475 2370 39.
495 2329 568 2369 per
586 2316 759 2357 indicem
777 2315 979 2370 comperti
997 2316 1260 2366 damnantur
1281 2312 1337 2354 ib.

41 2378 297 2434 Pelagonia,
323 2376 481 2417 XXVI.
508 2390 581 2430 25.

41 2439 156 2482 Pella
177 2440 302 2482 urbs,
332 2436 729 2491 xxv1.25.pe11ae
755 2436 947 2478 hibernat
965 2435 1210 2493 Philippus,
1237 2433 1337 2479 ibid.

41 2501 159 2545 Pelta
182 2499 288 2542 haud
311 2497 502 2539 diffimilis
526 2508 682 2551 cetrae,
708 2498 905 2544 XXVIII.
934 2513 975 2552 5.

42 2560 484 2611 Peitastae,xxv111.
511 2575 549 2613 5.

43 2623 181 2668 Pelvis
201 2635 323 2663 aurea
342 2621 441 2662 fafia
460 2620 651 2676 lataque
639 2636 683 2664 in
697 2620 972 2676 Aventinum,
994 2617 1145 2664 Junoni
1161 2616 1335 2691 Regina
1365 2662 1368 2666 .

106 2684 285 2739 donum,
313 2683 491 2729 XXVII.
522 2696 594 2741 37.
