1649 3104
309 109 665 166 LIBER
747 107 1076 168 XXVII.
1235 127 1345 186 109

6 205 9 208 ’
52 203 106 255 L.
141 204 312 255 Flacco
340 205 468 255 fratri
495 222 758 272 germano,
790 202 1097 271 cognatisque
1140 203 1240 254 aliis
1279 206 1345 255 ob
1367 211 1558 262 (λαως.

55 273 227 322 eadem
257 276 373 322 vitia
417 272 611 321 invisus.
645 271 689 320 Is
711 308 725 330 ‚
766 286 815 319 ut
847 274 1057 338 animum
1093 271 1194 336 ejus
1235 292 1347 322 cura
1363 267 1558 319 ίι3309·

40 339 291 390 “sacrorum
332 342 384 390 &
423 341 814 389 caeremoniarum
844 340 970 405 cepit
992 375 1006 398 ‚
1053 340 1118 386 ita
1151 342 1352 406 repente

56 411 186 457 exuit
213 409 432 475 antiquos
466 426 654 466 mores,
688 423 738 455 ut
767 423 911 454 nemo
945 409 992 453 in
1033 420 1134 454 tota
1175 406 1350 472 juven-

54 488 156 524 tute
187 477 443 525 haberetur
478 480 643 543 prior,
672 492 758 523 nec
785 474 1032 541 probatior
1059 475 1349 538 primoribus

55 541 279 602 Patrum,
309 543 397 592 suis
439 546 615 609 pariter
648 542 907 608 alienisque
946 579 960 601 ‚
1011 539 1140 590 esset.
1190 541 1350 606 Hujus

51 608 188 659 famae
230 611 454 660 consensu
490 613 638 660 elatus
673 611 731 658 ad
769 608 938 676 justam
979 606 1204 657 fiduciam
1243 609 1350 670 sui,

51 694 156 726 rem
192 678 492 727 intermissam
530 696 614 744 per
647 679 824 726 multos
858 695 1006 726 annos
1040 677 1105 726 ob
1144 677 1353 744 indigni-

43 758 201 794 „tatem
239 747 482 794 flaminum
516 749 728 811 priorum
761 747 1012 810 repetivit,
1052 760 1103 794 ut
1138 746 1186 794 in
1221 744 1351 793 sena-

52 827 154 862 tum
201 815 436 862 introiret.
485 812 746 879 Ingreffirm
794 830 903 861 eurn
958 814 1134 860 curiam
1198 830 1346 878 quum
1379 815 1562 869 Jurefi2-

55 879 136 946 (7)
166 879 218 929 L.
253 880 461 928 Licinius
487 896 662 948 praetor
700 881 810 928 inde
847 878 1106 938 eduxisset,
1129 881 1349 929 tribunos
1367 881 1532 919 cerdotii

51 948 206 1015 plebis
233 949 493 1015 appellavit
521 948 710 996 flamen.
741 946 999 996 Vetustum
1026 946 1100 1011 jus
1133 941 1539 1013 sacerdo-fiffluzn

53 1018 106 1064 tii
145 1017 392 1081 repetebat
425 1037 434 1065 :
460 1017 614 1064 datum
645 1017 694 1063 id
728 1034 835 1064 cum
868 1029 979 1081 toga
1010 1030 1263 1080 praetexta,
1293 1005 1539 1067 &ingredz-

57 1082 169 1132 sella
203 1085 351 1132 curuli
373 1125 383 1140 ‚
410 1082 486 1148 (8)
520 1086 571 1133 &
601 1084 812 1132 flaminio
853 1082 961 1131 effe.
994 1083 1208 1144 Praetor,
1249 1103 1349 1134 non
1367 1079 1444 1107 tur.

52 1154 259 1200 exoletis
301 1150 534 1200 vetustate
571 1154 805 1200 annalium
841 1151 1072 1216 exemplis
1096 1150 1213 1200 stare
1246 1151 1350 1218 juS,

54 1218 138 1268 sed
173 1217 495 1267 recentiffimae
529 1219 754 1286 cujusque
774 1218 1128 1267 consuetudinis
1152 1218 1232 1267 usu
1261 1239 1355 1270 vo-

56 1288 186 1336 lebat
206 1304 221 1347 ;
240 1305 327 1336 nec
366 1303 549 1353 patrum
572 1325 586 1347 ‚
611 1305 698 1335 nec
731 1304 932 1335 avorum
965 1289 1198 1336 memoria
1227 1287 1354 1337 Dia-

54 1355 154 1404 lem
188 1372 481 1421 quemquam
510 1354 559 1402 id
595 1353 664 1419 jus
698 1354 947 1420 usurpasse
975 1354 1220 1413 Tribuni,
1252 1373 1354 1405 rem

54 1424 222 1472 inerti&
250 1423 496 1470 flaminum
530 1423 831 1471 obliteratam
851 1459 866 1480 ‚
900 1420 1041 1488 ipsis,
1066 1440 1165 1471 non
1206 1423 1358 1472 sacer-

55 1491 194 1540 dotio
222 1491 400 1539 damno
430 1489 591 1550 fuisse,
630 1509 774 1557 quum
814 1508 1003 1556 aequum
1035 1490 1356 1552 censuissent,

54 1576 117 1608 ne
149 1558 250 1624 ipso
283 1559 479 1624 quidem
515 1558 680 1606 contrii
713 1559 940 1607 tendente
979 1574 1185 1623 praetore
1208 1596 1222 1618 ‚
1257 1578 1356 1609 ma-

55 1643 153 1693 gno
191 1625 366 1674 assensu
402 1625 590 1674 Patrum
621 1626 867 1693 plebisque
889 1663 903 1685 ‚
941 1626 1186 1675 flaminem
1214 1629 1262 1675 in
1282 1628 1360 1677 se-

54 1709 220 1744 natum
251 1693 615 1742 introduxerunt
654 1712 668 1753 3
701 1694 923 1743 omnibus
952 1694 1358 1760 ita-existimanti-

54 1763 173 1821 bus,
193 1763 339 1828 magis
365 1760 601 1810 sanstitate
618 1764 752 1818 vitae,
781 1761 922 1827 quiim
946 1761 1196 1814 sacerdotii
1215 1762 1353 1828 jure,

53 1848 159 1880 rem
189 1847 293 1878 eam
323 1829 565 1877 flaminem
601 1829 865 1879 obtinuisse.
900 1826 1135 1878 Consules
1156 1868 1169 1890 ,
1202 1831 1356 1896 prius-

54 1915 197 1966 quam
228 1899 275 1946 in
305 1899 576 1962 provincias
606 1899 756 1954 irent,
796 1896 872 1964 (9)
908 1897 1022 1946 duas
1054 1898 1257 1947 urbanas
1285 1899 1356 1948 le-

51 1968 221 2034 giones
252 1984 268 2027 3
294 1967 342 2014 in
376 1965 791 2032 supplementum,
826 1980 1056 2033 quantum
1091 1983 1214 2034 opus
1256 1981 1356 2018 erat

113 2118 140 2156 7
167 2102 214 2146 L.
241 2101 450 2158 Licinius]
473 2104 664 2160 Sigonius
729 2119 814 2145 cum
856 2117 950 2161 toga
989 2118 1178 2158 praetexta
1206 2136 1220 2154 ‚
1270 2106 1354 2148 &ce

50 2165 136 2221 legi
155 2164 269 2219 jubet
298 2165 347 2206 P.
377 2166 579 2218 Licinius,
598 2167 664 2221 qui
792 2182 816 2223 9
832 2167 954 2206 Duas
975 2166 1143 2207 urbanas
1158 2168 1356 2223 legione53

49 2241 157 2269 anno
191 2227 373 2281 sequenti
406 2238 556 2282 praetor
594 2243 664 2269 ur-
728 2230 770 2267 in
788 2228 1133 2283 supplementum]
1159 2230 1353 2270 Duasle-

47 2291 192 2331 banus.
224 2289 332 2332 Vide
370 2289 473 2331 infra
498 2323 509 2343 ,
543 2305 663 2346 capp.
728 2291 872 2345 giones
917 2290 1163 2344 scripserunt
1194 2322 1207 2341 ,
1260 2304 1352 2344 quae

48 2364 104 2393 21
140 2352 180 2394 ὅ(
212 2364 284 2392 22.
728 2351 910 2408 praefidio
958 2353 1047 2392 urbi
1080 2352 1208 2392 effent
1250 2366 1259 2391 :
1305 2351 1348 2392 ὅ(

113 2413 139 2454 8
177 2412 234 2452 Et
261 2412 484 2469 flaminio]
517 2413 662 2454 Deleri
726 2423 925 2467 praeterea
953 2415 993 2452 in
1018 2414 1347 2467 supplementum

45 2475 171 2516 debet
191 2476 339 2515 vocula
358 2475 406 2516 δ’.
427 2476 664 2517 Contende·
726 2486 964 2515 ceterorum
1029 2476 1284 2515 exercituum
1331 2504 1344 2525 ,

47 2537 119 2578 bat
154 2536 317 2576 Flaccus
361 2539 494 2576 datum
525 2539 567 2576 id
596 2535 663 2590 effe
726 2537 972 2590 scripserunt
1007 2550 1098 2574 eum
1132 2550 1345 2576 numerum

43 2596 259 2652 flaminio,
286 2598 325 2644 id
354 2598 436 2646 est,
478 2600 663 2654 dignitati
726 2599 896 2638 militum
930 2598 996 2650 qui
1035 2597 1115 2639 illis
1143 2596 1352 2652 exerciti-3

50 2657 266 2704 sacerdotii
305 2662 414 2717 quod
451 2663 623 2719 gerebat
648 2693 664 2715 2
725 2662 799 2705 bus
830 2673 934 2717 opus
968 2667 1073 2717 erat·
