1649 3104
329 123 684 180 LrssER
769 119 1079 180 XXVII.
1244 139 1347 199 173

45 237 134 272 nus
165 220 365 287 quievit.
393 219 643 268 Romanus
682 220 730 266 in
765 220 917 267 aciem
948 219 1100 284 copiis
1131 216 1311 267 eduffis
1339 217 1571 280 ,U·9-545·

45 287 353 354 posteaquam
392 290 639 336 neminem
686 285 814 352 signa
856 301 1025 334 contra
1065 283 1233 335 efferre
1275 287 1354 335 vi·
1375 270 1568 319 a·(³·²‘³7·

47 358 115 406 dit
141 394 154 415 ‚
189 355 339 421 spolia
382 356 475 422 legi
518 354 748 403 caesorum
791 353 1032 410 hostium,
1072 354 1124 402 &
1162 351 1355 402 suorum

37 441 255 489 corpora
283 423 456 472 collata
487 424 534 470 in
561 440 710 470 unum
738 421 923 487 sepeliri
950 419 1108 484 juffit:
1140 420 1255 468 inde
1286 423 1358 469 in-

50 490 355 558 sequentibus
398 493 635 540 continuis
683 490 849 539 diebus
895 489 1079 555 aliquot
1116 490 1180 536 ita
1224 487 1360 536 insti-

50 562 108 607 tit
153 562 304 625 portis
339 595 354 616 ,
400 574 451 606 ut
486 575 639 625 prope
677 557 852 606 inferre
898 557 1026 624 signa
1065 556 1358 614 videretur3

54 627 212 675 donec
264 626 477 675 Annibal
530 625 670 673 tertia
723 625 885 692 vigilia
939 624 1118 672 crebris
1171 623 1362 689 ignibus

49 693 458 759 tabernaculisque
483 732 491 745 ‚
517 692 594 759 (9)
627 710 731 757 quae
759 711 865 759 pars
893 691 1156 740 castrorum
1188 691 1247 740 ad
1274 692 1362 739 ho-

51 760 142 810 stes
170 761 406 827 vergebat
424 799 440 820 ,
474 761 526 809 &
551 759 776 809 Numidis
807 762 971 826 paucis
990 798 1003 819 ,
1038 761 1119 827 qui
1147 760 1195 807 in
1223 760 1359 809 vallo

53 828 292 897 portisque
343 827 391 878 se
438 827 747 877 ostenderent
781 863 796 886 ‚
844 827 1014 876 reliffis
1047 865 1064 886 ,
1115 827 1360 894 profestus

54 897 283 962 Apuliam
319 911 485 962 petere
521 896 742 945 intendit.
778 895 876 943 Ubi
917 895 1071 944 illuxit
1101 933 1114 955 ,
1150 893 1366 945 succeffit

56 966 189 1014 vallo
218 965 439 1013 Romana
468 966 625 1013 acies:
657 966 708 1014 ὃ(
742 962 967 1012 Numidae
999 982 1056 1012 ex
1090 963 1367 1030 composito

56 1032 294 1100 paulisper
319 1035 367 1081 in
392 1034 543 1099 portis
574 1030 620 1080 se
649 1032 877 1098 valloque
903 1031 1208 1080 ostentavere
1230 1051 1243 1092 ;
1269 1030 1368 1080 fru-

58 1100 283 1167 stratique
331 1100 620 1167 aliquamdiu
666 1098 826 1148 hostes
862 1137 877 1158 ,
914 1103 1065 1148 citatis
1110 1103 1243 1166 equis
1280 1117 1369 1166 ag-

57 1186 172 1216 men
212 1168 403 1217 suorum
438 1166 751 1234 assequuntur.
791 1167 978 1217 Consul
1014 1168 1095 1217 ubi
1131 1168 1372 1216 silentium

61 1239 110 1285 in
150 1235 309 1285 castris
341 1274 354 1295 ‚
390 1235 445 1285 &
490 1253 551 1284 ne
597 1253 776 1302 paucos
815 1236 1010 1302 quidem
1034 1275 1049 1296 ‚
1094 1238 1174 1302 qui
1213 1235 1370 1303 prima

63 1305 169 1353 luce
219 1304 649 1360 obambulaverant
687 1342 701 1364 ,
746 1319 882 1369 parte
939 1304 1036 1352 ulla
1090 1305 1318 1352 cernebat
1357 1340 1371 1360 ,

63 1373 251 1420 duobus
285 1373 524 1438 equitibus
562 1371 855 1438 speculatum
893 1373 940 1418 in
979 1370 1124 1419 castra
1161 1373 1374 1437 praemii-

63 1439 120 1488 sis
143 1479 155 1495 ,
185 1437 432 1506 postquam
464 1439 569 1488 satis
607 1456 706 1487 tuta
740 1443 904 1487 omnia
937 1438 1029 1487 esse
1064 1441 1371 1504 exploratum

65 1506 132 1556 est
164 1544 177 1567 ‚
211 1506 373 1554 inferri
415 1506 542 1573 signa
579 1504 702 1571 juffit
732 1525 745 1565 3
781 1508 1062 1572 tantumque
1100 1509 1168 1555 ibi
1207 1526 1376 1557 mora·

64 1589 139 1623 tit-s
163 1613 176 1634 ,
209 1575 323 1622 dum
356 1576 529 1623 milites
564 1575 623 1623 ad
662 1575 872 1642 praedam
907 1575 1203 1633 discurrunt,
1238 1593 1378 1624 rece-

67 1645 167 1709 ptui
217 1642 394 1691 deinde
437 1644 613 1691 cecinit
644 1679 658 1701 ‚
716 1642 966 1710 multdque
1019 1658 1129 1694 ante
1178 1643 1376 1693 ηοξὶεῐη

68 1713 232 1774 copias
269 1711 473 1760 reduxit.
517 1709 715 1760 Postero
762 1711 837 1759 die
875 1711 1027 1776 prima
1064 1711 1170 1760 luce
1210 1710 1380 1778 profe·

68 1777 168 1826 c'ius
190 1816 203 1838 ,
254 1780 434 1843 magnis
476 1779 723 1827 itineribus
765 1777 940 1826 famam
976 1779 1030 1828 &
1059 1778 1259 1845 vestigia
1291 1797 1378 1847 ag-

74 1847 214 1895 minis
249 1844 488 1912 sequens,
543 1847 667 1894 haud
725 1847 891 1910 procul
928 1846 1142 1895 Venusia
1189 1847 1378 1896 hostem

72 1913 343 1978 affequirur.
382 1913 453 1961 lbi
486 1932 678 1980 quoque
719 1916 1023 1962 tumultuaria
1059 1932 1219 1981 pugna
1248 1915 1336 1964 fuit
1367 1936 1379 1966 z

74 1981 212 2047 supra
246 1982 343 2029 duo
377 1982 525 2029 millia
559 1982 821 2030 Poenorum
859 1989 989 2031 caela.
1023 1982 1145 2031 Inde
1183 1983 1382 2031 ηοξὶυῑ·

77 2052 151 2097 nis
189 2049 520 2114 montanisque
570 2051 814 2098 itineribus
865 2050 1040 2098 Poenus
1065 2088 1078 2109 ‚
1122 2068 1182 2099 ne
1215 2051 1381 2102 locum

73 2117 318 2183 pugnandi
379 2117 544 2174 daret,
593 2117 940 2184 Metapontum
996 2119 1149 2184 petiit.
1199 2119 1380 2167 Hanno

75 2185 187 2232 inde
222 2183 304 2249 (is
333 2185 458 2233 enim
499 2184 718 2249 praesidio
758 2184 858 2251 ejus
883 2186 978 2234 loci
1009 2186 1303 2253 praefuerat)
1331 2190 1381 2235 in

72 2251 283 2301 Bruttios
315 2269 425 2299 cum
458 2255 620 2314 paucis
653 2254 712 2301 ad
742 2256 1001 2302 exercitum
1028 2272 1214 2303 novum
1247 2272 1376 2303 com·

70 2320 334 2386 parandum
372 2319 548 2368 miffus.
597 2320 806 2368 Annibal
844 2323 998 2386 copiis
1033 2320 1135 2388 ejus
1173 2323 1232 2370 ad
1274 2321 1379 2371 suas

71 2388 245 2436 additis
264 2424 279 2446 ‚
314 2383 575 2436 Venusiam
605 2404 733 2437 retro
753 2427 764 2446 ‚
797 2390 970 2455 quibus
1000 2405 1199 2438 venerat
1229 2391 1373 2438 itine-

75 2456 204 2504 ribus
232 2491 245 2512 ‚
290 2457 509 2519 repetit3
552 2469 695 2521 atque
740 2457 852 2504 inde
901 2455 1157 2506 Canusium
1205 2475 1381 2522 proce-

75 2523 160 2573 dit.
196 2523 459 2589 Nunquam
493 2522 631 2572 Nero
669 2524 881 2592 vestigiis
915 2523 1063 2574 hostis
1104 2523 1379 2591 abstiterat3

137 2675 163 2719 9
191 2659 288 2720 Qnae
302 2660 431 2715 pars]
455 2660 499 2703 Id
517 2661 572 2703 est
588 2694 599 2715 ,
615 2661 657 2703 in
680 2677 728 2704 ea
748 2671 865 2716 parte
888 2676 972 2717 quae
984 2677 1095 2771 ΡαΙν-Ξ.

1125 2739 1175 2789 ιι]
