1649 3104
334 93 686 153 Linea
770 93 1010 156 XXX.
1202 108 1327 178 '407

20 201 223 257 ‘argento
260 191 376 243 facia
415 196 462 242 in
500 191 745 260 Capitolio
782 193 1057 260 posuissent.
1091 192 1192 262 (9)
1226 195 1535 268 Ce-U,c‚550‚·

25 259 167 307 realia
213 260 352 309 ludos
394 261 593 310 diclator
640 263 692 311 &
737 261 958 329 magister
1004 265 1222 331 equitum
1266 281 1326 312 ex
1344 272 1536 318 a.C.202.

23 323 426 378 senatusconsulto
466 330 701 379 fecerunt.

98 394 206 446 XL.
242 397 406 464 Legati
441 415 497 446 ex
529 397 691 446 Africa
721 396 927 447 Romani
955 397 1089 447 fimul
1125 397 1327 449 Cartha·
1393 410 1538 467 Legati

30 461 358 531 giniensesque
394 483 541 531 quum
587 465 820 515 venissent
859 467 1066 515 Romam
1095 503 1109 526 ,
1145 466 1328 517 senatus
1348 474 1515 514 Cartha-

32 530 92 578 ad
135 533 290 580 aedem
341 532 552 582 Bellonae
591 533 779 582 habitus
827 534 927 592 est,
964 535 1044 584 ubi
1085 553 1232 602 quum
1273 536 1327 586 L.
1345 536 1539 590 ginicnfts

30 595 262 649 Veturius
297 600 433 650 Philo
457 638 470 660 ,
510 617 770 667 pugnatum
805 620 912 651 cum
955 602 1196 652 Annibale
1238 603 1329 653 effe
1349 596 1519 668 R⁰⁷⁷ffa⁷⁷²

34 663 110 728 (ι)
136 666 354 733 suprema
377 667 843 734 Carthaginiensibus
871 672 1058 738 pugna,
1086 670 1331 737 finemque
1361 672 1540 709 '‘enlun‘·

31 734 225 783 tandem
268 736 452 803 lugubri
497 737 627 784 bello
667 737 941 803 impositum
967 778 979 798 ,
1024 742 1206 806 ingenti
1247 740 1336 789 lae-

32 801 134 851 titia
182 803 371 852 Parrum
420 802 740 870 exposuisset3
784 804 1004 872 adjecit,
1048 807 1337 857 Verminam

34 870 176 918 etiam
198 909 209 927 ,
240 869 476 938 Syphacis
504 871 654 920 filium
676 909 689 931 ,
717 891 822 939 quae
855 892 1003 940 parva
1033 875 1159 924 bene
1191 875 1336 942 gestae

31 939 101 985 rei
130 937 329 987 acceffio
362 953 497 1000 erat,
529 940 769 990 ἀενὶξὶωη
793 960 802 990 :
828 943 875 989 in
906 944 1194 992 concionem
1222 943 1337 995 inde

31 1005 226 1071 prodire
261 1005 401 1072 juffus
425 1045 439 1068 ‚
473 1008 795 1075 gaudiumque
841 1010 889 1058 id
932 1011 1116 1078 populo
1158 1013 1340 1079 imper-

32 1074 141 1122 tire.
175 1073 306 1123 Tum
342 1092 539 1141 patuere
568 1114 580 1132 ,
621 1075 739 1124 facia
785 1080 1099 1144 gratulatione
1123 1116 1136 1138 ,
1173 1081 1341 1130 omnia

33 1140 81 1188 in
126 1141 242 1191 urbe
276 1143 498 1209 templa,
543 1143 1008 1213 supplicationesque
1044 1148 1092 1195 in
1128 1149 1340 1197 triduum

35 1207 259 1258 decretae.
306 1210 496 1278 Legatis
537 1210 1000 1279 Carthaginienslum
1040 1216 1093 1265 &
1131 1215 1339 1282 Philippi

36 1277 159 1343 regis
192 1276 212 1344 (
248 1295 357 1326 nam
404 1280 435 1326 ii
476 1297 671 1347 quoque
708 1281 986 1347 venerant)
1027 1284 1339 1348 petentibus,

34 1358 86 1392 ut
133 1343 317 1394 senatus
363 1343 449 1396 fibi
496 1348 724 1410 daretur,
763 1349 1038 1415 responsum
1091 1348 1210 1415 jussu
1255 1350 1342 1400 Pa-

37 1426 164 1461 trum
201 1414 258 1462 ab
292 1413 522 1464 di&atore
567 1416 633 1465 est
656 1454 671 1475 ‚
715 1419 932 1466 consules
969 1436 1130 1467 novos
1168 1420 1235 1468 eis
1272 1418 1344 1469 se·

34 1494 197 1528 natum
233 1482 429 1531 daturos
463 1483 572 1534 esl'e.
602 1483 813 1534 Comitia
845 1487 954 1534 inde
986 1486 1174 1536 habita:
1197 1488 1344 1536 creati

39 1548 257 1599 consules
310 1548 402 1599 Cn.
455 1544 711 1601 Cornelius
760 1553 989 1603 Lentulus
1022 1591 1036 1615 ,
1085 1554 1134 1605 Ρ.
1186 1555 1341 1604 AElius
1362 1560 1557 1627 U.c.55t2

37 1614 223 1667 Paetus:
251 1632 480 1683 praetores
506 1657 518 1679 ‚
555 1621 625 1670 Μ.
667 1620 833 1670 Junius
870 1622 1061 1672 Pennus
1084 1662 1096 1682 ,
1134 1625 1211 1673 cui
1244 1623 1344 1674 sors
1367 1618 1557 1664 &220¹-

40 1684 218 1733 urbana
246 1689 410 1736 evenit
434 1725 447 1747 ,
481 1687 552 1735 Μ.
580 1688 803 1738 Valerius
831 1691 968 1739 Falto
994 1690 1204 1742 Bruttios
1223 1728 1238 1752 ,
1267 1692 1341 1742 M.
1365 1673 1557 1776 (ἥρω’

40 1750 212 1814 Fabius
243 1753 397 1805 Buteo
439 1753 701 1806 Sardiniam
725 1796 738 1818 ‚
768 1757 816 1807 P.
845 1760 998 1808 AElius
1033 1758 1235 1810 Tubero
1274 1759 1347 1809 Si·
1364 1751 1415 1841 ’ἐξ
1436 1751 1524 1840 ¹231.

37 1821 196 1870 ciliam
238 1820 306 1871 est
344 1822 550 1873 sortitus.
585 1823 664 1874 De
698 1828 962 1893 provinciis
1000 1827 1249 1877 consulum
1278 1830 1348 1876 ni·
1367 1828 1473 1901 C'Off
1513 1812 1557 1844 ω

40 1887 107 1936 hil
157 1890 263 1938 ante
312 1891 531 1956 placebat
578 1895 695 1960 agi,
746 1895 889 1961 quam
945 1894 1088 1963 legati
1138 1896 1346 1964 Philippi
1388 1937 1424 1980 P
1469 1890 1511 1947 ’.

20 1958 165 2023 ·regis
207 1959 259 2008 &
305 1957 765 2027 Carthaginiensium
818 1963 965 2012 auditi
1012 1963 1161 2014 essent
1191 1983 1201 2013 ε
1230 1964 1346 2013 belli
1366 1952 1558 2043 ffiaerovmq

40 2022 189 2073 finem
233 2025 426 2076 alterius
461 2063 476 2084 ,
518 2031 802 2096 principium
853 2032 1044 2082 alterius
1092 2031 1349 2099 prospicie·
1389 2030 1402 2042 ἃ
1437 2029 1451 2045 ’

40 2091 157 2142 bant
207 2095 392 2142 animis.
449 2093 544 2144 Cn.
587 2096 815 2148 Lentulus
867 2098 1032 2149 consul
1081 2101 1347 2167 cupiditate

41 2159 266 2229 flagrabat
301 2163 565 2228 provinciae
598 2164 814 2229 Africae3
849 2164 929 2217 seu
962 2168 1149 2218 bellum
1183 2167 1347 2227 foret,

42 2271 116 2312 bus
151 2269 196 2310 T.
220 2269 404 2311 Manlius
425 2269 658 2325 Torquatus·
790 2288 806 2316 1
839 2274 1027 2331 Suprema⁸
1046 2278 1347 2334 Carthaginien-

107 2347 132 2388 9
163 2332 340 2372 Cerealia
360 2333 504 2388 ludos]
533 2333 598 2375 SIC
620 2334 661 2374 &
715 2334 824 2387 fibzts
841 2339 975 2395 pugna*
1000 2341 1016 2394 ]
1052 2338 1190 2394 Pugna
1208 2372 1220 2391 ,
1254 2352 1346 2394 quae

42 2394 70 2435 l.
98 2407 152 2449 34
170 2425 183 2442 ,
205 2409 240 2434 c.
266 2409 333 2447 54.
357 2394 574 2451 Megalesia
595 2396 658 2436 lu·
725 2399 910 2452 suprema
942 2432 954 2451 ,
1019 2401 1222 2454 postrema
1266 2401 1346 2441 fuit

45 2454 305 2508 'dosscenicos
319 2471 330 2496 :
345 2456 380 2496 ὃ·
398 2458 425 2496 l.
445 2470 497 2512 39
513 2490 521 2504 ,
539 2472 573 2497 c.
591 2471 661 2499 22.
726 2460 1127 2518 Carthaginiensibus
1165 2493 1177 2513 ,
1229 2462 1346 2503 bello

47 2518 155 2562 Ludi
187 2517 366 2558 Taurilia
399 2534 469 2572 per
507 2516 663 2559 biduum
725 2520 805 2576 jam
833 2553 844 2574 ,
892 2538 976 2566 non
1021 2523 1151 2566 solum
1193 2523 1345 2581 proelio

41 2576 156 2632 fabii.
188 2579 257 2619 De
287 2579 528 2621 Cerealibus
561 2582 664 2624 ludis
727 2583 860 2628 vietis.

50 2640 142 2682 vide
163 2639 355 2683 Rosmum
374 2672 387 2690 ,
419 2642 473 2686 V.
501 2655 570 2696 14.
