1649 3104
338 113 692 172 LIBER
777 107 1066 171 XXIX.
1235 111 1352 186 301*

114 208 253 263 XIV.
288 210 583 280 Quanquam
605 210 822 261 nondum
846 212 1011 276 aperte
1034 206 1200 260 Africa
1227 227 1347 277 pro·
1362 204 1563 264 U.c.548·'

48 280 211 331 'vincia
251 281 443 329 decreta
474 294 574 329 erat
614 278 1001 345 (occultantibus
1032 278 1082 326 id
1101 314 1121 336 ,
1164 278 1311 326 credo
1335 270 1561 337 ‚a.C.204·

51 345 297 408 Patribus,
327 346 403 414 (8)
435 365 495 396 ne
531 344 878 412 praesciscerent
907 343 1354 412 Carthaginienses)

52 429 213 465 tamen
237 418 285 463 in
315 431 419 463 eam
446 413 578 481 spem
606 413 759 463 erecta
779 415 944 463 civitas
973 429 1072 463 erat
1093 448 1112 471 ,
1140 414 1189 461 in
1224 411 1356 462 Afri-

53 499 111 532 ca
141 500 201 532 eo
231 499 356 530 anno
389 481 680 530 debellatum
709 484 794 540 iri,
825 480 1067 548 finemque
1095 480 1229 530 bello
1261 480 1355 529 Pu-

15 574 18 575 ⁷
54 551 167 599 nico
210 548 384 599 adesse.
424 548 718 615 Impleverat
753 567 809 598 ea
851 566 926 598 res
967 547 1356 616 superstitionum

56 619 273 676 animos,
307 619 542 683 pronique
575 619 626 666 &
658 617 716 666 ad
746 617 1013 666 nuncianda
1036 654 1050 672 ‚
1076 617 1128 666 &
1160 615 1221 664 ad
1251 632 1361 665 cre·

57 685 215 734 denda
253 684 468 750 prodigia
511 698 643 734 erant
679 702 690 732 ε
739 702 799 734 eo
845 684 982 751 plura
1024 683 1362 749 vulgabantur.

58 755 194 803 Duos
214 751 333 816 Jbles
366 751 515 817 visos:
552 752 595 799 6³
622 756 738 799 nolle
771 751 1072 817 interluxff:
1103 751 1148 799 δ’
1173 750 1251 818 (9)
1277 748 1361 816 fiz-

60 838 150 868 cem
188 821 318 869 Setiae
363 821 420 866 ab
475 823 588 869 Ortu
619 818 733 884 fhlis
780 822 844 867 ad
880 822 1157 869 Occidentem
1190 818 1364 886 porrigi

59 887 213 953 visam.
267 888 516 936 Tarracinae
546 901 722 952 portam
744 923 760 944 ‚
803 889 1026 954 Anagniae
1073 886 1117 934 t}
1147 901 1360 953 portam,

63 956 107 1002 6,-
158 955 307 1003 multis
360 955 470 1002 locis
520 973 686 1002 murum
725 957 776 1002 de
825 956 928 1003 coelo
972 957 1141 1003 tab'lum.
1181 955 1235 1003 In
1273 956 1361 1002 aecle

60 1023 249 1073 Iunonis
301 1022 489 1088 Sospitae
531 1024 727 1071 Lanuvii
778 1040 872 1070 cum
927 1025 1134 1071 horrendo
1181 1020 1366 1089 fragore

51 1091 280 1158 strepitum
329 1093 502 1138 editum.
548 1089 728 1138 Eorum
780 1091 1189 1156 procurandorum
1241 1097 1361 1138 cau-

61 1157 114 1205 sa
135 1195 149 1216 ,
185 1159 313 1206 diem
345 1175 491 1206 unum
519 1156 800 1223 supplicatio
823 1157 944 1206 fuit:
974 1159 1025 1207 ὃ(
1056 1157 1367 1207 novemdiale

60 1223 270 1281 sacrum,
308 1226 440 1292 quod
470 1225 528 1273 de
557 1225 685 1274 coeio
717 1226 978 1291 lapidatum
1002 1223 1148 1284 effet,
1174 1224 1366 1275 facium.

58 1291 131 1342 Εὸ
163 1290 348 1342 acceffit
382 1292 662 1342 consultatio
694 1293 753 1342 de
788 1307 936 1342 matre
968 1292 1095 1342 ldaea
1125 1295 1368 1360 accipien-

48 1360 155 1421 da,
204 1378 382 1428 quam,
426 1375 742 1428 praeterquam
791 1362 924 1428 quod
972 1361 1046 1410 M.
1095 1361 1359 1419 Valerius,

59 1446 181 1477 unus
230 1445 287 1477 ex
329 1428 529 1495 legatis,
567 1428 839 1496 praegreffus
883 1428 1090 1477 acimum
1138 1430 1184 1475 in
1226 1428 1362 1478 Italia

58 1494 164 1545 fore
204 1498 547 1554 nunciaverat,
587 1514 749 1545 recens
794 1499 991 1545 nuncius
1031 1496 1192 1545 aderat
1234 1496 1359 1546 Tar-

62 1566 233 1613 racinae
263 1563 358 1629 jam
391 1563 499 1613 esse.
547 1564 688 1613 Haud
718 1582 877 1631 parvae
914 1567 979 1614 rei
1014 1563 1244 1628 judicium
1279 1563 1360 1614 se·-

58 1647 222 1679 natum
250 1631 477 1690 tenebat,
513 1633 591 1698 qui
629 1634 704 1679 vir
737 1634 950 1697 optimus
983 1634 1030 1680 in
1062 1634 1254 1681 civitate
1290 1630 1361 1680 es-

58 1698 143 1749 set.
170 1700 359 1748 Verum
385 1701 514 1748 certe
542 1699 788 1748 victoriam
817 1700 916 1766 ejus
949 1702 1014 1749 rei
1044 1698 1128 1748 fibi
1161 1698 1362 1767 quisque

55 1767 253 1825 mallet,
292 1767 434 1832 quam
479 1768 570 1816 ulla
616 1769 843 1833 imperia,
882 1768 1153 1817 honoresve
1197 1766 1362 1818 suffra-

59 1837 137 1902 gio
171 1834 249 1884 seu
287 1835 510 1894 patrum,
541 1835 617 1884 seu
659 1836 810 1901 plebis
842 1836 1046 1885 delatos.
1080 1836 1130 1885 P.
1166 1834 1356 1901 Scipio-

59 1920 204 1960 nem,
237 1901 327 1951 Cn.
360 1901 542 1963 filium,
580 1901 680 1967 ejus
718 1907 797 1970 qui
828 1906 872 1951 in
906 1903 1133 1970 Hispania
1168 1904 1359 1952 cecide·
1401 1896 1578 1971 ῖρχὸθξ·

58 1986 160 2031 rat,
199 1970 550 2019 adolescentem
588 1972 803 2020 nondum
842 1971 1182 2039 quaestorium,
1227 1970 1356 2038 judi·
1375 1964 1572 2032 postult·-

59 2053 289 2087 caverunt
333 2041 380 2086 in
424 2053 525 2086 tota
562 2039 753 2088 civitate
797 2041 954 2088 virum
988 2040 1228 2090 bonorum
1267 2058 1295 2089 o
1337 2036 1488 2093 „casus
1513 2037 1580 2062 ’ω’

57 2108 226 2155 timum
265 2105 398 2155 esse:
448 2107 496 2154 id
548 2109 717 2173 quibus
762 2108 1018 2156 virtutibus
1067 2107 1245 2157 induffi
1295 2111 1359 2157 ita
1379 2098 1565 2140 opamus.

52 2172 336 2240 judicarint,
360 2172 476 2222 ficut
500 2173 578 2241 (ι)
601 2176 842 2242 proditum
863 2194 889 2224 a
912 2177 1141 2242 proximis
1165 2192 1361 2226 memo-

122 2281 145 2320 S
175 2279 239 2319 Ne
261 2279 537 2333 praesciscerent
556 2280 571 2331 Ἰ
610 2280 674 2319 Ne
739 2280 812 2333 piti
835 2280 954 2320 cursu
973 2280 1180 2319 labentem
1198 2311 1207 2329 ,
1227 2279 1360 2334 qualis

56 2341 308 2395 praescirent.
337 2342 435 2381 Haec
461 2343 585 2381 verba
605 2342 674 2381 vi·
738 2342 806 2381 illa
829 2341 1125 2395 Virgiliistella
1138 2338 1269 2393 fhcem
1289 2342 1364 2380 du-

57 2403 206 2443 dentut·
223 2404 442 2458 promiscui
463 2404 557 2444 usus
578 2402 675 2443 fuis-
739 2418 841 2443 cens.
874 2404 924 2443 Et
953 2402 1044 2442 sane
1066 2412 1232 2442 veteres
1258 2401 1364 2446 editi

58 2463 117 2505 se.
334 2504 337 2506 ,
739 2466 781 2506 ὃ(
803 2466 958 2519 aliquot
976 2464 1113 2518 scripti
1131 2460 1381 2517 habent'faeq.

119 2540 146 2582 9
177 2524 315 2567 Facem
350 2525 498 2582 Setiae]
531 2528 674 2583 Ignem
736 2541 816 2566 cem
838 2527 978 2577 stella.

59 2588 270 2640 quemdam
287 2589 330 2630 in
346 2589 474 2629 media
495 2590 600 2632 ae'ris
613 2603 676 2629 re·
801 2603 818 2630 1
839 2587 1077 2644 Prodicum]
1090 2587 1133 2631 Si
1147 2586 1357 2644 proditum

58 2649 183 2712 gione
203 2650 413 2695 accensum
429 2682 442 2706 ,
466 2649 509 2694 ὃ(
526 2652 674 2708 praeci-g
734 2648 889 2698 fuisset.
