1649 3104
116 218 306 270 U.c.548.

114 273 308 322 3.C.2c4.

146 330 257 370 Livii
274 332 310 371 δ’

328 145 445 207 340
735 128 1223 186 T.L1v11

326 226 549 294 gionibus
587 240 733 294 agunt
760 263 775 286 ,
823 225 1044 275 censores
1089 227 1281 275 interim
1331 225 1504 278 Rornae
1545 230 1619 284 M.

327 296 523 352 Livius,
569 297 622 345 &
665 293 726 345 C.
768 293 1000 344 Claudius
1043 293 1253 343 senatum
1289 299 1628 352 recitaverunt.

120 392 284 433 caudis·
329 363 556 431 Princeps
593 366 767 412 iterum
815 361 963 410 lectus
1005 359 1078 426 Q.
1125 362 1297 421 Fabius
1334 363 1622 420 Maximus:

116 451 292 511 censura,
327 433 481 481 notati
518 431 741 499 septem3
783 446 931 478 nemo
970 444 1160 490 tamen,
1209 434 1290 497 qui
1328 431 1441 480 sella
1479 435 1624 484 curuli

324 499 526 549 sedisset.
565 500 640 566 (6)
676 498 811 546 Sarta
840 496 966 545 tesia
1009 501 1180 546 acriter
1218 501 1269 548 ὃ(
1312 518 1421 548 cum
1448 500 1628 553 summa

327 566 426 617 fide
461 581 757 634 exegerunt:
796 566 926 613 viam
961 582 986 613 e
1022 565 1132 615 foro
1163 566 1340 616 Boario
1371 570 1431 617 ad
1465 568 1629 620 Vene-

322 638 416 696 ris,
455 636 530 701 (7)
568 637 621 685 &
651 636 772 682 circa
800 632 932 682 foros
962 633 1214 699 publiceS,
1247 637 1297 685 &
1330 637 1487 686 aedem
1523 637 1625 688 Ma·

321 706 407 752 tris
449 704 640 769 Magnae
678 703 725 749 in
772 700 957 750 Palatio
1007 700 1278 751 faciendam
1325 703 1625 758 locaverunt.

323 771 546 838 Vefflgal
592 770 737 820 etiam
780 778 1074 819 novum'ex
1116 770 1272 819 salaria
1309 790 1499 821 annona
1536 772 1628 823 sta-

323 855 543 889 tuerunt:
572 838 648 905 (8)
671 837 879 886 sextante
903 837 963 885 sal
988 838 1038 888 &
1056 837 1229 886 Romae
1246 877 1256 895 ,
1286 841 1335 890 ὅ(
1366 858 1452 907 per
1474 856 1625 892 totam

323 908 511 958 Italiam
551 922 663 956 erat.
708 906 882 954 Romae
924 909 1082 972 pretio
1125 907 1341 967 eodem,
1387 909 1529 973 pluris
1574 912 1624 961 in

324 975 427 1042 (9)
464 974 580 1023 foris
618 976 671 1025 ὃ(
700 973 1031 1023 conciliabulis
1053 1011 1068 1033 ‚
1106 975 1159 1024 ὃ(
1186 975 1280 1023 alio
1319 976 1430 1024 alibi
1465 979 1625 1044 pretio

320 1043 640 1110 praebendum
675 1042 973 1091 locaverunt.
1019 1041 1074 1091 Id
1116 1042 1321 1110 veffigal
1360 1062 1622 1095 commen·

322 1127 426 1160 tum
484 1112 686 1160 alterum
732 1127 791 1158 ex
838 1109 1112 1159 censoribus
1169 1110 1275 1159 satis
1325 1113 1624 1177 credebant,

323 1180 514 1247 populo
548 1182 719 1227 iratum
743 1217 759 1240 ‚
792 1178 924 1243 quod
965 1180 1129 1245 iniquo
1164 1177 1344 1241 judicio
1382 1183 1626 1247 quondam

323 1249 576 1298 damnatus
609 1245 722 1296 esset
740 1264 755 1308 3
790 1248 841 1296 δὲ
868 1248 916 1294 in
949 1249 1105 1313 pretio
1136 1247 1237 1295 salis
1264 1251 1471 1299 maxime
1491 1264 1624 1301 *one-

322 1331 447 1365 ratas
476 1317 629 1365 tribus
656 1332 855 1381 quarum
880 1316 1031 1381 opera
1062 1315 1313 1364 damnatus
1346 1333 1444 1366 erat
1467 1356 1482 1379 ,
1518 1335 1625 1368 cre-

325 1385 506 1434 debant
541 1403 551 1433 :
586 1384 698 1432 inde
736 1384 984 1432 Salinatori
1022 1383 1164 1432 Livio
1198 1384 1401 1434 inditum
1437 1404 1626 1454 cogno-

315 1471 455 1503 ·men.
485 1451 707 1501 Lustrum
743 1453 995 1501 conditum
1028 1450 1203 1511 serius,
1237 1454 1348 1519 quia
1379 1471 1467 1520 per
1504 1473 1624 1521 pro-

323 1523 507 1570 vincias
548 1519 826 1569 dimiserunt
864 1518 1117 1577 censores,
1161 1533 1215 1568 ut
1259 1522 1439 1570 civium
1474 1521 1622 1572 Rom.

325 1591 376 1638 in
423 1589 743 1649 exercitibus,
791 1604 993 1653 quantus
1035 1589 1214 1656 ubique
1268 1588 1424 1651 esset,
1470 1590 1622 1641 refer-

154 1673 461 1732 Cenfi25,retur
498 1675 743 1706 numerus.
788 1656 947 1706 Censa
996 1674 1105 1705 cum
1152 1658 1207 1704 iis
1259 1657 1466 1707 ducenta
1510 1654 1649 1709 xlv¹

327 1727 476 1776 millia
520 1726 772 1774 hominum
808 1744 818 1774 ε
866 1725 1086 1773 condidit
1129 1724 1326 1774 lustrum
1376 1724 1435 1775 C.
1479 1724 1624 1776 Clau-

326 1796 433 1845 dius
462 1794 617 1844 Nero.
658 1793 735 1865 (1)
774 1793 1054 1844 Duodecim
1091 1792 1265 1848 deinde
1299 1794 1625 1859 coloniarum,

394 1947 421 1987 6
442 1946 561 1985 Sarta
587 1944 714 1998 teffa]
735 1944 861 1999 Opera
873 1959 948 1999 pu·

333 2008 440 2048 blica
456 2040 465 2058 ,
479 2009 608 2062 inquit
625 2007 762 2047 Festus
777 2039 785 2056 ‚
800 2023 878 2061 qua:
893 2007 951 2046 lo-

333 2083 474 2110 cantur
493 2083 534 2109 ut
551 2073 697 2124 integra
717 2070 948 2124 praestentur,

1010 1944 1138 1993 rium,
1168 1943 1284 1985 foros
1316 1945 1523 1998 publicos.
1548 1945 1626 1986 Fo-

1011 2021 1074 2045 ros
1096 2007 1268 2059 exponit
1289 2006 1373 2059 ipse
1394 2007 1534 2049 Livius
1552 2040 1564 2058 ,
1589 2009 1621 2050 I.

1014 2081 1033 2122 3
1049 2081 1084 2116 5.
1100 2069 1217 2109 locos
1232 2068 1336 2109 unde
1348 2069 1626 2123 speclarentut

322 2131 438 2186 fizrta
455 2132 551 2171 tes-Za
570 2143 771 2171 vocantur.
790 2130 950 2170 Etenim

324 2193 474 2248 fizrcire
501 2193 553 2244 est
585 2196 774 2248 integrum
799 2193 949 2247 facere.

333 2256 516 2312 Exigunt
573 2255 698 2311 igitur
756 2255 949 2295 censores

332 2319 438 2359 sarta
454 2317 561 2357 testa
578 2349 589 2368 ,
608 2317 700 2355 dum
721 2327 876 2371 cogunt
891 2330 950 2356 re-

330 2382 570 2434 demptores
590 2377 758 2419 aedificia
773 2379 950 2431 publica,

309 2450 423 2496 'quae
455 2441 606 2482 tuenda
637 2440 947 2492 conduxerunt,

308 2504 488 2559 ,integra
502 2501 702 2557 praestare.

392 2579 419 2617 7
435 2564 492 2605 Et
505 2562 945 2620 citcafhrospublicos]

306 2627 381 2667 ‘Et
417 2627 522 2668 circa
554 2627 660 2667 viam
698 2627 807 2666 illam
829 2657 840 2676 ,
875 2627 945 2666 vel

325 2688 520 2740 fortasse,
543 2689 651 2731 circa
678 2687 812 2730 forum
833 2688 942 2730 Boa-

1012 2130 1111 2170 ludi.

1077 2193 1100 2232 S
1123 2191 1314 2237 Sextante
1329 2191 1426 2247 [ἔτί.
1447 2223 1458 2236 .
1478 2225 1487 2236 .
1508 2194 1621 2249 erat]
1647 2205 1649 2211 ⁴

1013 2253 1117 2295 Salis
1165 2256 1349 2296 mensura
1399 2256 1578 2310 quaedam
1607 2285 1622 2305 ‚

1012 2315 1133 2370 (quae
1157 2333 1277 2372 quum
1306 2315 1430 2372 vulgo
1462 2318 1622 2372 cognita

1015 2377 1115 2418 efl'et
1130 2412 1140 2431 ,
1160 2394 1180 2419 a
1200 2379 1318 2419 Livio
1338 2393 1420 2419 non
1438 2379 1622 2432 exprimi·

1012 2439 1109 2492 tur)
1129 2442 1297 2482 venibat
1315 2441 1523 2492 sextante,
1544 2439 1621 2482 five

1011 2502 1126 2542 sexta
1145 2503 1231 2545 affis
1251 2512 1380 2557 parte.

1074 2580 1099 2620 9
1119 2564 1228 2605 Foris
1247 2566 1284 2604 6·
1304 2562 1617 2619 conciliabulis]

1009 2626 1120 2670 Vide
1135 2628 1162 2666 1.
1183 2626 1319 2668 XXV.
1338 2641 1372 2666 c.
1394 2641 1432 2678 5.

1075 2702 1092 2731 ι
1117 2689 1342 2730 Duodecim
1361 2687 1498 2728 deinde
1513 2684 1618 2731 colo-
