1649 3104
288 113 645 176 LIBER
727 114 1072 173 XXVII.
1218 129 1322 189 113

36 212 187 274 isset,
218 227 412 282 agerent
447 211 789 277 facerentque,
824 225 875 257 ut
909 227 935 257 e
971 208 1213 274 republica
1242 209 1334 256 du-
1353 205 1544 256 U-C·543·

41 298 205 332 cerent
240 300 255 342 3
287 282 561 347 pertentatis
597 281 725 346 prius
778 276 978 325 aliarum
1030 278 1333 323 coloniarum
1353 261 1543 312 ⁰·C·209·

39 351 206 400 animis
226 387 242 408 ‚
278 352 542 398 citaverunt
575 349 757 413 legatos
777 381 791 403 ,
823 343 1237 410 quaesiveruntque
1276 345 1334 391 ab

40 419 95 467 iis
116 455 130 477 ,
168 417 343 482 ecquid
379 417 555 465 milites
590 415 665 480 (5)
708 431 764 461 ex
796 412 1002 461 formula
1035 427 1224 476 paratos
1255 409 1336 457 ha-

38 485 245 534 berent?
273 484 365 533 Pro
400 484 733 549 duodeviginti
771 480 973 529 coloniis
1010 478 1081 526 M.
1109 476 1332 525 Sextilius

39 551 345 619 Fregellanus
367 550 645 618 respondit,
685 550 728 597 δ’
757 550 921 596 milites
955 565 1010 594 ex
1034 545 1237 611 formula
1252 563 1333 610 pa·
1365 550 1546 605 Reliquae

38 634 162 668 ratos
195 618 275 683 effe
307 638 327 678 ,⁴
365 619 441 677 δ’,
461 618 734 683 fipluribus
767 635 878 681 opus
906 613 1036 679 fft‚
1061 615 1214 678 plures
1245 616 1328 660 da·
1350 615 1389 650 in
1408 612 1544 666 offici·

35 701 187 745 turos,·
209 688 252 735 δ’
275 724 288 746 ,
322 688 537 751 quicquid
551 687 684 732 aliud
696 686 923 750 imperaret
941 683 1159 747 velletque
1185 700 1330 746 popu·
1342 673 1450 725 sunt.

38 756 269 803 lus·Rom.
311 756 441 800 enixe
468 754 674 818 fizft'uros
720 770 732 798 .·
763 754 826 799 ad
857 754 908 798 id
925 752 1012 814 fibi
1050 768 1189 814 neque
1227 767 1334 813 opes

37 822 201 886 d⁶ff³
223 822 420 868 animum
448 824 580 868 etiam
609 818 836 884 supereffe.
871 816 1103 867 Consules
1134 815 1219 864 fibi
1250 834 1334 882 pa-

37 907 144 938 rurn
174 889 329 936 videri
366 887 587 954 praefati,
639 905 727 953 pro
783 887 954 934 merito
1001 902 1166 932 eorum
1192 921 1206 942 ,
1249 883 1331 932 sua

0 969 1 997 ³
37 974 166 1007 voce
195 955 453 1005 collaudari
488 974 598 1012 ρος,
637 953 723 1002 nifi
768 951 975 1001 universi
1003 952 1163 1000 Patres
1195 954 1249 999 iis
1282 954 1332 1000 in

38 1027 171 1073 curia
206 1025 374 1089 gratias
409 1022 601 1089 egissent
626 1061 637 1078 ,
675 1021 805 1086 sequi
849 1022 896 1067 in
938 1020 1151 1068 senatum
1195 1018 1334 1083 jusse-

37 1108 161 1140 runt.
195 1090 392 1138 Senatus
430 1090 571 1157 quam
615 1104 804 1155 poterat
838 1087 1200 1136 honoratiffimo
1249 1088 1336 1136 de-

38 1175 174 1208 creto
211 1159 441 1206 allocutus
481 1176 597 1214 eos,
633 1157 827 1205 mandat
857 1155 1161 1213 consulibus,
1200 1168 1249 1202 ut
1272 1155 1333 1204 ad

38 1227 271 1293 populum
286 1243 476 1291 quoque
498 1243 580 1273 eos
601 1226 949 1290 producerent,
970 1225 1019 1272 &
1043 1225 1166 1271 inter
1185 1224 1335 1272 multa

38 1297 129 1343 alia
163 1294 383 1359 praeclara
403 1330 417 1349 ,
446 1311 549 1358 quae
579 1292 686 1357 ipfis
718 1290 1070 1356 majoribusque
1101 1290 1188 1338 suis
1217 1309 1336 1354 prae-

38 1360 253 1412 stitissent
275 1399 288 1420 ,
310 1378 473 1408 recens
501 1363 640 1408 etiam
672 1363 895 1408 meritum
931 1377 1100 1407 eorum
1136 1362 1182 1406 in
1211 1376 1338 1406 rem-

34 1429 275 1497 publicam
329 1442 786 1477 commemorarent.
838 1427 914 1475 Ne
952 1444 1076 1474 nunc
1135 1427 1334 1491 quidem

37 1497 116 1563 (6)
149 1495 254 1564 post
284 1511 355 1545 tot
386 1498 541 1545 lecula
562 1496 780 1545 sileantur
799 1534 808 1551 ,
832 1495 1173 1543 fraudenturve
1195 1494 1335 1544 laude

37 1565 147 1621 sua,
182 1563 359 1630 Signini
396 1564 529 1613 fuere
557 1603 570 1622 ,
605 1565 656 1613 &
684 1563 928 1617 Norbani,
954 1561 1334 1628 Saticulanique,

35 1633 91 1682 &
119 1631 424 1690 andusmi,
459 1634 509 1680 ὅ(
540 1631 840 1698 Fregellani,
873 1632 923 1680 ὃ(
966 1630 1225 1687 Lucerini,
1280 1631 1333 1679 &

31 1698 298 1754 Venusini,
337 1701 387 1748 &
421 1699 649 1755 Adriani,
688 1701 738 1748 &
771 1699 977 1747 Firmani
1013 1735 1026 1756 ,
1067 1701 1116 1748 &
1152 1699 1335 1746 Arimi·

33 1766 200 1816 nenses
231 1783 244 1822 ;
278 1767 329 1815 ὃ(
355 1766 413 1814 ab
451 1769 598 1815 altero
628 1769 775 1826 mari,
805 1766 1058 1823 Pontiani,
1091 1768 1141 1815 ὃ(
1173 1766 1337 1815 Paesta-

33 1837 116 1893 ni,
151 1836 201 1883 &
231 1831 403 1882 Cosani
445 1854 458 1894 3
487 1838 536 1883 ὃ(
566 1837 931 1891 mediterranei,
961 1835 1292 1882 Beneventani
1319 1871 1335 1895 ,

36 1901 374 1958 &AEsernini‚
415 1904 466 1952 &
497 1902 777 1968 Spoletani,
818 1905 869 1952 &
920 1902 1179 1951 Placentini
1212 1939 1226 1961 ,
1278 1902 1331 1950 &

35 1969 402 2019 Cremonenses.
437 1969 618 2018 Harum
653 1972 948 2019 coloniarum
986 1969 1190 2017 subsidio
1228 1984 1333 2017 turn

32 2037 288 2104 imperium
321 2038 486 2103 populi
538 2039 681 2087 Rom.
731 2037 896 2099 stetit3
937 2040 1086 2104 iisque
1131 2040 1330 2103 gratiae,

35 2105 86 2154 ὃ(
122 2108 167 2152 in
193 2103 351 2152 senatu
375 2141 388 2161 ‚
422 2106 473 2153 &
511 2107 569 2153 ad
610 2107 842 2173 populum
870 2105 1007 2154 aGlae,
1048 2104 1330 2153 Duodecim
1366 2098 1375 2109 ⁸

31 2175 227 2221 aliarum
264 2171 558 2220 coloniarum
596 2192 699 2238 quae
743 2173 1125 2221 detreclaverunt
1170 2175 1332 2237 impe-

32 2243 191 2296 rium,
231 2242 525 2287 mentionem
568 2240 672 2289 fieri
710 2241 869 2291 Patres
910 2255 1166 2290 vetuerunt
1199 2258 1214 2299 3
1242 2257 1327 2288 ne-

31 2325 126 2374 que
146 2308 251 2354 illos
282 2307 487 2364 dimitti,
517 2326 675 2374 neque
708 2311 934 2363 retineri,
966 2326 1123 2374 neque
1163 2307 1328 2372 appel·

32 2376 118 2425 lari
156 2392 182 2423 a
218 2373 484 2423 consulibus
519 2394 528 2424 ε
568 2393 621 2425 ea
662 2378 803 2424 tacita
841 2375 1081 2442 castigatio
1121 2375 1328 2423 maxime

95 2493 114 2531 ς
143 2478 204 2519 Ex
217 2478 425 2533 fhrmula]
453 2478 560 2520 Vide
579 2478 642 2518 su·
705 2490 795 2519 rant
827 2482 874 2520 ab
912 2481 991 2520 hoc
1033 2490 1222 2533 ternpore
1269 2480 1320 2519 ad

27 2554 100 2596 pra
128 2542 154 2581 l.
188 2540 320 2580 XXII.
355 2554 425 2591 57.
704 2542 803 2581 illud
835 2573 846 2591 ,
893 2557 973 2595 quo
1021 2541 1158 2580 Livius
1210 2541 1320 2583 suam

92 2602 117 2642 6
135 2600 228 2650 Post
247 2601 449 2654 totsecula
469 2602 486 2654 ]
513 2600 639 2642 Paulo
703 2602 909 2646 historiam
937 2603 1153 2647 scribebat·

27 2662 118 2717 plus
148 2663 311 2705 ducenti
343 2663 435 2704 anni
467 2662 640 2706 affluxe-
