1649 3104
98 167 118 173 r
321 123 1073 180 SEN-TENTIARUM.
1247 140 1342 193 471

110 217 263 273 proelio
282 217 422 257 vinces
440 247 452 268 ,
480 215 621 273 gloriae
641 214 841 269 adjeceris
860 247 871 268 ,
900 226 1101 272 quantum
1121 215 1341 268 ademeris,

112 279 142 321 fi
165 280 260 335 quid
280 277 434 320 adversi
458 277 649 328 eveniat,
674 276 771 317 ibid.

611 338 791 379 Feros-ia.

53 398 276 445 ferociora
297 401 387 442 sunt
404 432 416 452 ‚
445 401 563 455 quam
584 400 734 453 quietis
755 414 859 454 opus
880 397 935 439 est
956 399 1129 444 consiliis
1151 430 1162 452 ‚
1191 398 1356 441 adoles·

118 463 255 506 centia
274 465 316 506 ὅ(
335 472 536 518 perpetua
556 461 731 503 felicitas
751 493 763 512 ,
789 461 926 505 XXX.
949 472 1021 515 30.

632 523 764 563 fides.

55 583 253 639 Omnium
271 586 443 642 primum
461 585 508 626 fit
528 585 635 626 tueri
656 585 858 638 publicam
876 584 997 626 fidem
1014 616 1026 637 ‚
1053 583 1213 626 XXIX.
1238 595 1279 626 1.

610 646 801 689 Fortuna.

57 706 257 752 Maximae
269 710 415 765 cuique
428 708 602 750 fortunae
614 707 776 749 minime
789 708 1034 750 credendum
1047 707 1117 761 est,
1129 706 1268 750 XXX.
1283 719 1360 764 30.

632 769 770 810 Fraus.

56 827 182 876 Fraus
201 831 320 873 fidem
334 832 374 873 in
392 832 526 887 parvis
542 830 611 873 fibi
628 831 827 887 praestruit
840 864 850 882 ,
870 842 916 872 ut
930 863 942 879 ,
960 847 1081 887 quum
1102 845 1241 886 operae
1258 844 1360 886 pre-

120 894 220 936 tium
240 893 286 936 fit
300 926 312 948 ,
332 909 422 936 cum
441 895 632 936 mercede
652 909 794 951 magna
813 894 927 935 fallat
943 926 955 947 ,
980 893 1185 939 XXVIII.
1206 908 1285 946 42.

680 957 737 998 G.

624 1016 784 1060 Gloria.

59 1077 242 1136 Longius
260 1081 378 1135 quam
398 1090 591 1136 quantum
610 1080 793 1120 humanae
812 1078 907 1121 vitae
924 1078 1095 1133 spatium
1117 1077 1173 1119 est
1186 1110 1197 1130 ‚
1220 1079 1376 1134 gloriae

121 1142 320 1197 cupiditas
342 1144 606 1184 extenditur:
627 1143 878 1196 maximaque
905 1156 998 1194 pars
1030 1141 1119 1193 ejus
1141 1141 1181 1180 in
1202 1154 1365 1182 memo-

121 1203 223 1244 riam
244 1217 291 1244 ac
309 1204 589 1257 posteritatem
609 1205 814 1258 prominet
832 1234 844 1254 ,
869 1202 1068 1244 XXVIII.
1089 1214 1168 1256 43.

59 1262 249 1306 Maximo
279 1266 427 1320 cuique
455 1268 590 1307 animo
621 1266 661 1305 id
680 1265 858 1314 accidit,
887 1273 932 1304 ut
960 1265 1001 1305 se
1030 1278 1113 1304 non
1134 1278 1226 1304 cum
1253 1278 1364 1318 prae-

122 1327 304 1368 sentibus
334 1325 457 1370 modo
477 1360 489 1379 ‚
520 1328 587 1369 sed
610 1342 702 1368 cum
728 1329 858 1369 omnis
879 1327 955 1369 aevi
977 1326 1096 1368 claris
1122 1327 1220 1368 viris
1244 1341 1365 1368 com-

119 1398 243 1444 paret
259 1421 272 1442 ,
299 1388 396 1434 ibid.

692 1450 729 1494 Ι.

106 1569 109 1571 ‚
630 1512 793 1570 Ignota.

63 1572 211 1629 Maior
255 1573 486 1630 ignotarum
531 1589 668 1615 rerum
714 1575 770 1617 est
812 1584 949 1615 terror
983 1589 992 1614 :
1027 1575 1135 1615 bona
1180 1575 1368 1628 malaque

126 1635 299 1677 hostium
335 1651 386 1676 ex
421 1636 655 1692 propinquo
682 1667 698 1686 ,
729 1636 925 1693 ingressus
961 1635 1062 1678 fines
1093 1668 1105 1688 ,
1137 1637 1330 1691 adspicias
1353 1667 1368 1687 ,

127 1698 328 1741 XXVIII.
351 1712 428 1752 44.
1412 1699 1415 1701 ’

596 1760 826 1815 Imperator.

62 1820 286 1875 Impudens
318 1820 360 1862 ὅ(
392 1822 644 1877 gubernator
672 1823 714 1864 &
744 1822 972 1876 imperator
1001 1820 1057 1862 est
1075 1850 1086 1869 ‚
1118 1820 1219 1876 qui,
1248 1834 1372 1875 quum

127 1884 271 1924 alienis
293 1884 424 1923 oculis
450 1884 487 1923 ei
508 1885 641 1925 omnia
662 1885 816 1939 agenda
835 1883 909 1925 sint
931 1916 943 1935 ‚
971 1883 1152 1937 postulet
1169 1882 1239 1924 fibi
1261 1883 1370 1923 alio-

128 1959 216 1986 rum
236 1944 369 2000 capita
390 1945 432 1986 &
450 1945 639 1986 fortunas
659 1947 859 1986 committi
877 1978 888 1997 ,
912 1946 1073 1992 XXVI.
1096 1959 1169 1986 22.

518 2006 679 2061 Imperii
704 2010 919 2062 cupiditas.

67 2067 265 2123 Magnum
299 2067 498 2122 cupiditas
532 2069 693 2123 imperii
724 2069 832 2110 inter
864 2070 1060 2110 mortales
1094 2067 1242 2107 malum
1278 2065 1334 2106 est
1359 2096 1373 2118 ,

130 2128 337 2173 XXVIII.
369 2142 444 2171 21.

583 2190 849 2247 Impudentia.

68 2252 334 2308 Impudenter
346 2261 458 2295 certa
468 2256 713 2309 negantibus
725 2253 930 2295 difficilior
940 2252 1060 2294 venia
1073 2249 1283 2304 est,XXX.
1296 2265 1372 2304 42.

525 2316 715 2372 Ingratus
741 2319 913 2358 animus.

71 2376 318 2431 Plerumque
339 2391 391 2418 ne
408 2377 699 2419 advenientem
718 2379 880 2434 quidem
901 2377 1068 2433 gratiam
1090 2375 1277 2415 homines
1296 2375 1374 2414 be·

132 2438 254 2495 nigne
285 2440 520 2493 accipiunt,
547 2441 695 2482 nedum
723 2449 769 2480 ut
797 2438 1018 2497 praeteritae
1048 2437 1141 2479 satis
1169 2449 1376 2478 memores

108 2500 243 2552 2fint,
272 2500 408 2542 XXX.
435 2513 509 2543 21.

603 2561 845 2605 Ῑηὶηιὶεἰιὶιε.

57 2621 325 2666 “Acerbiores
345 2624 576 2666 inimicitias
598 2626 930 2681 indignioresque
951 2623 1100 2663 misero
1122 2622 1190 2663 sua
1211 2619 1379 2663 calami·
1440 2670 1442 2673 ι

137 2694 198 2729 tas
217 2686 344 2734 facit,
372 2688 462 2741 quia
484 2686 663 2743 spretum
678 2690 724 2729 se
749 2688 878 2729 credit
896 2718 907 2738 ‚
933 2684 1116 2728 XXVII.
1142 2696 1216 2738 35.
