1649 3104
273 93 392 164 ‘300
582 90 1175 155 ‚T.L1vr1

56 170 253 269 ‘gfff'
277 202 375 236 erat
395 185 416 253 )
440 190 733 254 provinciae,
764 187 998 241 Cornelio
1022 191 1101 258 (6)
1134 190 1319 240 Etruria
1347 208 1456 241 cum
1491 208 1582 243 ve-

86 257 258 329 ‘pgsm-nss
274 268 375 304 tere
433 260 682 315 exercitu,
733 255 1025 326 Sempronio
1068 258 1282 319 Bruttii,
1332 273 1384 309 ut
1424 277 1579 310 novas

55 349 148 406 με.
272 320 499 374 scriberet
545 327 760 393 legiones
787 365 801 386 ‚
854 328 1077 376 decretae.
1126 326 1452 386 Praetoribus,
1505 327 1583 378 Μ.

277 390 469 443 Marcio
508 395 686 443 urbana
710 432 723 451 ‚
763 394 819 442 L.
865 394 1122 444 Scribonio
1158 394 1335 444 Liboni
1365 397 1584 462 peregri-

273 477 372 521 na,
414 463 465 510 ὃ(
499 464 657 512 eidem
692 461 885 523 Gallia,
936 462 1006 512 M.
1047 463 1321 528 Pomponio
1357 463 1586 512 Mathoni

277 526 470 588 Sicilia,
517 531 598 580 Ti.
643 530 851 579 Claudio
903 530 1091 581 Neroni
1143 529 1355 579 Sardinia
1400 532 1585 589 evenit,

277 594 332 645 P.
377 595 589 662 Scipioni
636 616 746 647 cum
795 616 854 647 eo
896 601 1144 657 exercitu,
1185 616 1295 647 cum
1346 616 1402 646 ea
1443 597 1584 647 claffe

274 682 422 730 quam
460 667 696 725 habebat,
734 682 1049 733 prorogatum
1099 668 1147 714 in
1198 684 1374 714 annum
1423 669 1583 733 impe-

273 734 400 781 rium
450 733 517 782 est
552 752 562 781 :
607 737 722 783 item
764 734 812 783 P.
856 735 1078 794 Licinio,
1128 748 1180 783 ut
1223 733 1436 784 Bruttios
1471 751 1584 784 cum

270 801 459 849 duabus
514 802 782 869 legionibus
832 803 1119 862 obtineret,
1171 803 1331 869 quoad
1384 820 1492 851 eum
1534 804 1584 852 in

271 871 530 934 provincia
573 889 683 919 cum
732 872 937 937 imperio
982 873 1157 921 morari
1205 871 1386 919 consuli
1439 888 1464 919 e
1507 888 1585 918 re.-

275 938 471 1002 publica
505 938 659 988 visum
703 938 832 988 esset.
867 938 926 988 Et
956 939 1027 989 M.
1067 939 1244 995 Livio,
1283 940 1334 988 ὃς
1370 937 1453 1004 Sp.
1486 938 1585 991 Lu·

274 1007 429 1053 cretio
453 1043 466 1065 ‚
500 1025 608 1054 cum
641 1008 763 1055 binis
796 1007 1100 1074 legionibus,
1146 1007 1317 1072 quibus
1352 1006 1585 1055 adversus

274 1072 544 1140 hlagonem
576 1073 749 1124 Galliae
781 1074 1000 1141 praefidio
1029 1073 1243 1132 fuissent,
1271 1090 1586 1142 prorogatum

275 1142 534 1207 imperium
571 1142 655 1192 est.
691 1143 751 1192 Et
785 1142 876 1193 Cn.
908 1142 1149 1202 Οξὶενίο,
1185 1157 1269 1201 ut,
1300 1161 1448 1209 quum
1482 1141 1587 1191 Sar·

274 1209 454 1259 diniam‘
504 1211 846 1278 legionemque
895 1211 975 1261 Ti.
1022 1209 1234 1261 Claudio
1287 1210 1585 1271 tradidisset,

273 1276 374 1343 ipse
434 1281 637 1328 navibus
708 1280 864 1346 longis
928 1279 1237 1347 quadraginta
1296 1280 1586 1328 maritimam

273 1363 410 1394 oram
443 1386 454 1403 ,
507 1348 679 1411 quibus
721 1346 895 1397 finibus
941 1347 1127 1398 senatus
1169 1345 1455 1405 censuisset,
1505 1361 1585 1395 tu-

274 1429 473 1463 taretur.
509 1416 581 1465 M.
623 1416 898 1481 Pomponio
937 1417 1130 1483 praetori
1165 1416 1215 1464 in
1257 1414 1418 1464 Sicilia
1447 1413 1587 1464 Can-

274 1481 432 1531 nenfis
464 1486 696 1533 exercitus
734 1486 836 1533 duae
876 1485 1093 1553 legiones
1130 1484 1353 1534 decretae.
1391 1482 1486 1549 (7)
1520 1482 1589 1534 T.

279 1550 516 1614 Quintius
577 1551 843 1602 Tarentum
875 1592 889 1615 ,
956 1552 1017 1603 C.
1073 1552 1303 1601 Hostilius
1361 1549 1597 1612 Tubulus·

277 1617 502 1685 Capuam
522 1658 533 1676 ,
561 1636 912 1688 propraetore5‚
947 1620 1064 1670 ficut
1090 1623 1249 1687 priore
1280 1638 1437 1675 anno,
1473 1636 1586 1668 cum

278 1703 452 1737 vetere
489 1703 693 1755 uterque
736 1688 987 1756 praefidio,
1025 1689 1317 1738 obtinerent.
1358 1686 1437 1736 De
1475 1687 1587 1736 His-

274 1758 434 1822 paniae
474 1758 679 1822 imperio
701 1796 714 1817 ‚
750 1775 872 1824 quos
909 1760 957 1806 in
987 1775 1092 1807 eam
1123 1757 1422 1824 provinciam
1463 1756 1589 1805 duos

273 1825 593 1889 proconsules
630 1827 753 1874 mitti
788 1827 1035 1893 placeret,
1070 1827 1217 1874 latum
1257 1826 1317 1873 ad
1348 1824 1586 1890 populum

277 1891 364 1941 est.
399 1890 590 1942 Omnes
630 1894 778 1943 tribus
813 1893 1012 1943 eosdem
1045 1893 1097 1943 L.
1133 1891 1417 1942 Cornelium
1453 1892 1586 1940 Len-

276 1959 432 2008 tulum
476 1962 527 2010 ἃ
571 1961 623 2010 L.
665 1961 899 2011 Manlium
939 1962 1202 2011 Acidinum
1238 1960 1585 2028 proconsules,

272 2026 396 2077 ficut
430 2031 592 2095 priore
625 2048 752 2079 anno
792 2030 1045 2079 tenuiffent
1066 2069 1080 2093 ,
1114 2030 1334 2079 obtinere
1366 2046 1442 2078 eas
1475 2046 1588 2095 pro-

276 2097 461 2145 vincias
510 2095 752 2162 jusserunt.
808 2098 1045 2148 Consules
1111 2096 1364 2146 delecium'
1405 2097 1584 2146 habere

275 2163 616 2224 instituerunt,
658 2168 709 2217 &
750 2167 809 2216 ad
848 2187 999 2216 novas
1043 2167 1313 2215 scribendas
1354 2167 1401 2213 in
1448 2166 1604 2215 Brut-‘

274 2235 369 2281 tios
407 2234 623 2299 legiones
649 2271 666 2291 ,
705 2235 758 2284 &
794 2237 841 2283 in
875 2253 1149 2284 ceterorum
1186 2234 1283 2300 (ita
1322 2236 1447 2282 enim
1480 2231 1585 2298 juffi

273 2301 333 2351 ab
370 2300 530 2352 senatu
564 2302 731 2367 erant)
776 2306 1074 2353 exercituum
1101 2301 1504 2369 supplementum.
1556 2356 1565 2362 ,
1601 2347 1604 2349 ,

337 2407 362 2448 6
386 2405 646 2445 Etruriae-um
667 2418 788 2445 vetere
802 2421 902 2445 exer·
1025 2420 1050 2457 7
1071 2405 1116 2446 T.
1140 2407 1331 2466 Quintius
1347 2405 1603 2460 Tarentum]-

273 2470 382 2522 citu]
397 2466 500 2508 Cum
514 2481 566 2509 eo
581 2469 764 2508 exercitu
778 2482 896 2522 quem
962 2467 1040 2508 Hic
1070 2468 1125 2508 est
1152 2470 1202 2509 T.
1223 2469 1416 2523 Quintius
1436 2468 1584 2508 Flami·
1627 2470 1631 2474 '

269 2530 481 2570 Arretium
520 2529 687 2570 duxiffe‘
708 2529 896 2571 Laevinus
961 2532 1078 2571 ninus
1100 2563 1110 2581 ,
1145 2533 1209 2585 qui
1251 2530 1389 2585 postea
1426 2529 1585 2583 Philip-
1625 2528 1631 2533 ⁴

268 2603 521 2635 memoratur
540 2594 567 2640 1.
591 2591 791 2639 XXVIH.
817 2606 892 2635 ex·
959 2606 1054 2644 pum
1074 2607 1213 2647 regem
1231 2593 1381 2633 devicit
1397 2624 1408 2642 ,
1428 2602 1473 2631 ut
1489 2591 1605 2631 con-³

263 2662 419 2701 xremo.
956 2653 1032 2696 stat
1063 2669 1114 2699 ex
1142 2654 1250 2701 Plut.
1286 2656 1327 2709 in
1361 2653 1449 2712 ejus
1485 2653 1586 2700 vita.
