1649 3104
268 117 380 195 178
669 120 1157 184 T.‘L1v11

48 211 237 286 ulf-543·
260 235 350 283 pro
385 215 432 266 se
471 217 671 287 quisque
695 255 710 278 ,
744 222 797 271 ὅτ.
836 220 1014 271 offerre
1036 260 1050 282 ‚
1094 225 1148 273 &
1181 221 1375 290 fatigare
1409 222 1571 290 preci-

47 278 382 346 ³·*‘'²07·bus‚
419 301 471 335 ut
506 306 613 354 quae
648 286 756 354 ipsis
792 285 1114 358 jumentisque
1149 290 1249 340 usui
1287 290 1466 351 effent,
1505 293 1567 342 ab
1610 332 1613 336 s

257 353 307 404 se
339 353 631 421 potiffimiim
662 355 931 408 sumerent:
968 359 1176 426 benigne
1213 361 1376 408 omnia
1398 376 1569 407 cumu»

259 422 358 485 lata
392 423 522 473 dare.
573 423 817 474 Modestia
854 440 1041 476 certare
1088 428 1301 487 milites,
1350 444 1412 475 ne
1452 428 1569 494 quid

255 492 390 541 ultra
425 493 563 541 usum
607 491 919 542 necessarium
970 495 1251 545 sumerent:
1301 496 1419 543 nihil
1461 512 1573 544 mo-

262 562 388 620 rari,
424 559 505 628 (8)
545 578 635 610 nec
665 562 722 609 ab
755 560 895 628 fignis
931 562 1152 613 absistere
1183 564 1341 612 cibum
1376 564 1571 629 capien-

262 642 338 678 tes
362 647 373 678 z
398 629 527 678 diem
549 648 601 678 ac
621 628 816 678 noctem
837 632 905 680 ire
930 650 940 680 ε
968 633 1052 681 vix
1073 633 1205 699 quod
1226 631 1332 679 satis
1353 632 1412 679 ad
1436 646 1574 679 natu-

262 697 365 746 rale
412 696 703 746 desiderium
752 697 1018 765 corporum
1065 700 1212 758 ess'et,
1248 702 1397 768 quieti
1446 699 1578 748 dare.

264 764 328 814 Et
359 766 418 814 ad
449 766 686 833 collegam
719 766 941 833 praerniffi
983 785 1147 829 erant,
1179 771 1259 836 qui
1295 769 1574 816 nunciarent

257 834 534 884 adventum
565 872 579 890 ,
619 835 1171 904 percunctarenturque,
1219 837 1342 885 clam
1387 854 1446 883 an
1493 853 1576 901 pa-

263 904 389 962 lam,
416 903 625 952 interdiu
657 921 716 952 an
749 903 925 965 nocta,
960 908 1130 955 venire
1159 904 1257 954 sese
1288 905 1471 960 vellet,
1497 902 1576 952 iis-

263 971 381 1020 dem
414 989 473 1019 an
510 972 611 1020 aliis
651 971 903 1022 confidere
940 972 1116 1023 castris.
1147 972 1309 1023 Nocte
1345 972 1470 1023 clam
1499 973 1575 1021 in-

264 1039 402 1106 gredi
439 1040 614 1088 melius
641 1039 798 1089 visum
827 1040 912 1091 est.

335 1106 514 1157 XLVI.
552 1106 627 1174 (9)
656 1107 855 1159 Tessera
884 1127 971 1177 per
1009 1109 1161 1159 castra
1196 1109 1254 1158 ab
1293 1109 1440 1159 Livio
1471 1124 1584 1158 con·

261 1174 362 1224 sule
395 1176 503 1225 data
542 1190 672 1235 erat,
710 1191 763 1226 ut
795 1178 1041 1228 tribunum
1075 1180 1320 1240 tribunus,
1357 1178 1579 1228 centurio

262 1247 599 1294 centurionem
624 1282 640 1302 ,
673 1262 822 1313 eques
863 1249 1112 1314 equitem,
1148 1247 1301 1314 pedes
1329 1246 1578 1314 peditem,

259 1315 532 1379 acciperet:
564 1330 724 1380 neque
760 1317 889 1364 enim
910 1316 1095 1365 dilatari
1119 1315 1270 1364 castra
1298 1333 1424 1382 opus
1453 1312 1578 1375 esse,

261 1399 323 1431 ne
365 1380 510 1430 hostis
550 1382 817 1432 adventum
867 1383 1056 1434 alterius
1097 1382 1305 1433 consulis
1351 1383 1575 1443 sentiret3

261 1452 316 1500 &
360 1449 615 1499 coarctatio
661 1452 870 1518 plurium
918 1454 967 1500 in
1018 1451 1216 1518 angusto
1266 1452 1575 1501 tendentium.

255 1518 446 1568 facilior
490 1518 648 1568 futura
695 1537 825 1580 erat,
874 1521 1007 1587 quod
1053 1520 1346 1572 Claudianus
1395 1519 1575 1568 exerci-

263 1605 340 1636 tus
358 1586 474 1636 nihil
498 1585 677 1648 ferme,
709 1603 884 1654 praeter
913 1608 1043 1639 arma
1065 1627 1078 1650 ‚
1104 1587 1263 1638 secum
1288 1590 1338 1637 in
1370 1586 1580 1654 expedi-

265 1658 454 1704 tionem
488 1655 676 1705 tulerat.
704 1654 940 1707 Ceterum
967 1659 1016 1706 in
1047 1656 1150 1724 ipso
1183 1659 1355 1706 itinere
1387 1655 1578 1705 auctum

270 1725 554 1773 voluntariis
580 1742 754 1792 agmen
776 1740 907 1787 erat3
942 1725 1256 1775 offerentibus
1286 1724 1381 1774 sese
1411 1725 1541 1773 ultro
1560 1759 1580 1783 ,

271 1794 325 1843 &
361 1794 610 1841 veteribus
646 1793 876 1844 militibus
927 1794 1187 1861 perfunffls
1237 1792 1333 1858 jam
1369 1792 1579 1850 militia,

270 1861 324 1910 ἃ
365 1859 622 1925 juvenibus
649 1898 665 1922 ‚
704 1880 826 1930 quos
870 1865 1086 1912 certatim
1131 1864 1329 1913 nomina
1376 1861 1568 1918 dantes,

271 1926 307 1976 fi
345 1946 555 1996 quorum
597 1933 818 1997 corporis
858 1931 1042 1997 species
1065 1969 1079 1993 ‚
1112 1931 1575 1997 roburquevirium
1640 1959 1649 1966 κ

66 2033 253 2073 ωαω,η-
273 2011 442 2063 aptum
486 1997 667 2047 militiae
730 1999 986 2049 videbatur
1014 2038 1028 2061 ‚
1079 1997 1440 2066 conscripserat.
1496 1996 1581 2048 Ad

53 2050 227 2140 9-,,ἅὶἰζν
274 2065 451 2115 Senam
486 2065 634 2115 castra
672 2067 863 2117 alterius
908 2068 1114 2118 consulis
1152 2082 1317 2126 erant3
1358 2067 1411 2117 δε
1443 2066 1584 2133 quin=

49 2125 252 2206 {43me
274 2149 450 2203 gentos
477 2135 590 2183 inde
621 2134 775 2185 ferme
804 2135 958 2204 passus
994 2136 1234 2186 Asdrubal
1262 2135 1438 2184 aberat.
1480 2132 1582 2183 Ita-

52 2222 126 2263 μή,
274 2220 370 2271 que
406 2221 556 2270 quum
594 2202 691 2267 jam
728 2208 1174 2273 appropinquaret,
1208 2204 1358 2254 techis
1393 2203 1585 2251 monti·-

274 2272 365 2321 bus
395 2270 597 2321 substitit
631 2271 800 2334 Nero,
837 2291 899 2324 ne
937 2290 1047 2324 ante
1084 2273 1279 2323 noctem
1312 2270 1463 2321 castra
1502 2273 1584 2320 in-

337 2377 360 2417 8
382 2372 470 2416 Nec
488 2374 537 2415 ab
549 2374 676 2431 fignis
692 2375 891 2432 absistere]
957 2377 1113 2421 rificam
1170 2378 1425 2436 diligentiam
1476 2391 1581 2433 pro·-

269 2437 422 2492 Scripti
449 2438 620 2479 suadent
643 2439 861 2493 legendum
881 2471 894 2491 ,
957 2441 1032 2483 dit.

270 2515 341 2540 nec
375 2499 426 2540 ab
439 2498 569 2556 signis
604 2498 794 2552 absistere,
825 2515 894 2541 nec
1022 2501 1307 2559 9'Teffera...
1340 2503 1435 2542 data
1468 2500 1601 2556 erat}

260 2561 471 2615 fitbfistere.
487 2563 587 2603 Duo
604 2563 710 2602 enim
729 2562 819 2602 sunt
836 2563 895 2603 di·
956 2564 1143 2606 Diditum
1165 2580 1239 2620 per
1257 2578 1401 2605 omnes
1416 2564 1585 2604 ordines

270 2624 388 2664 versa
406 2655 419 2672 ‚
442 2625 647 2665 excedere
669 2637 722 2664 ex
739 2625 893 2665 ordini·
956 2628 1172 2681 imperium
1189 2627 1337 2670 fuerat.
1357 2626 1466 2672 Vide
1482 2624 1584 2673 Vll.

271 2688 344 2725 bus
366 2687 409 2726 δε
428 2686 634 2728 subsistere
652 2696 892 2741 :utrumque
958 2704 994 2731 c.
1020 2702 1094 2747 350

270 2759 406 2790 autern
427 2749 477 2789 de
503 2750 581 2791 illis
603 2757 795 2806 negatum
815 2749 895 2797 mi«)
