1649 3104
304 103 382 181 96
745 101 817 161 T.
899 103 946 160 L
989 120 1012 160 1
1053 119 1100 161 v
1141 121 1163 162 1
1206 119 1231 162 1
1615 0 1649 196 l}

86 191 278 258 U4542·
300 199 510 250 Annibal
553 197 687 267 signo
735 201 977 269 equitibus
1021 202 1172 260 dato,
1214 215 1298 261 ut,
1336 218 1481 268 quum
1518 207 1605 267 pe2
1640 205 1649 231 ¹

86 250 482 317 ²·“·²¹0·destres
533 271 658 317 acies
699 268 1006 337 occupassent
1067 269 1288 336 praesenti
1338 272 1603 318 certamine
1635 276 1642 306 ³-

296 338 468 386 oculos
505 337 787 404 animosque
819 376 833 398 ‚
886 337 1197 386 circumvecti
1232 374 1246 396 ‚
1295 356 1404 404 pars
1454 336 1635 384 castraa

292 403 502 454 hostium
532 443 545 460 ,
585 404 665 471 (4)
705 424 810 471 pars
843 421 972 471 terga
1002 407 1348 470 trepidantium
1392 400 1633 452 invade-²

290 488 400 522 rent
417 511 430 532 ‚
458 472 619 538 ipsein
640 473 796 521 Fulvii
815 472 1175 522 similitudinem
1200 475 1406 522 nominis
1425 510 1438 531 ‚
1464 471 1598 538 quod
1631 519 1634 521 ,

291 540 388 591 Cn.
417 541 642 590 Fulvium
676 557 936 607 praetorem
970 542 1167 590 biennio
1200 543 1308 589 ante
1340 545 1387 589 in
1427 540 1597 588 iisdem
1627 547 1637 567 ¹'

292 609 542 659 devicerat
571 610 689 656 locis
716 647 734 668 ,
790 611 1041 675 increpans
1066 647 1081 669 ‚
1128 608 1332 658 fimilem
1367 622 1602 657 eventum

291 695 466 745 pugnae
491 676 597 725 fore
613 674 897 727 affirmabat.
918 676 1092 744 Neque
1126 695 1182 726 ea
1213 677 1316 743 spes
1344 695 1469 726 vana
1485 675 1597 724 fuit:
1629 675 1635 734 j

289 764 402 794 nam
426 762 573 812 quum
603 747 822 794 cominus
857 748 958 794 acie
999 748 1053 796 &
1089 746 1308 812 peditum
1339 746 1598 794 certamine
1629 783 1639 802 .,

293 814 431 863 multi
474 811 750 862 cecidissent
791 814 1126 863 Romanorum
1155 851 1170 874 ,
1221 813 1395 862 starent
1434 812 1633 861 tamen.

292 882 490 931 ordines
523 880 746 949 signaque
777 900 789 941 ;
829 881 1059 949 equestris
1090 901 1114 930 a
1154 896 1292 949 tergo
1330 881 1598 945 tumultus,
1624 944 1626 947 ι

290 949 429 998 simul
456 969 482 998 a
514 948 673 998 castris
707 950 888 999 clamor
932 949 1116 999 hostilis
1150 951 1334 998 auditus
1355 987 1369 1009 ,
1413 949 1597 998 sextam

291 1019 399 1067 ante
433 1018 678 1085 legionem
709 1055 723 1077 ‚
780 1037 886 1085 quae
925 1020 973 1066 in
1020 1017 1225 1067 secunda
1256 1020 1358 1067 acie
1406 1016 1557 1083 posita
1578 1023 1649 1116 ,ἶ

291 1088 424 1154 prior
447 1087 505 1134 ab
524 1085 750 1134 Numidis
784 1087 968 1135 turbata
994 1085 1061 1136 est
1081 1125 1098 1145 ,
1134 1088 1350 1154 quintam
1384 1086 1560 1134 deinde
1579 1121 1598 1145 ,
1619 1111 1649 1187 ἓ

289 1169 436 1222 atque
469 1171 552 1203 eos
599 1156 677 1221 qui
725 1154 785 1202 ad
836 1157 989 1221 prima
1033 1153 1161 1222 figna
1201 1169 1369 1212 erant,
1403 1155 1649 1214 avertit.';,’=

287 1223 399 1272 Pars
426 1224 474 1270 in
507 1221 667 1289 fugam
704 1221 835 1270 effufi
857 1260 871 1281 ‚
911 1241 1021 1289 pars
1051 1226 1100 1271 in
1128 1223 1294 1271 medio
1331 1221 1473 1284 caefi3
1511 1222 1595 1270 ubi
1615 1229 1634 1244 ³

289 1292 344 1341 &
373 1289 470 1359 ipse
507 1288 601 1352 Cn..
631 1290 829 1339 Fulvius
849 1309 959 1339 cum
978 1292 1204 1339 undecim
1232 1291 1434 1339 tribunis
1466 1291 1600 1339 mili-
1631 1346 1636 1355 ἢ

289 1373 395 1408 tum
449 1359 638 1408 cecidit.
693 1358 1029 1408 Romanorum
1084 1359 1423 1425 sociorumque
1474 1355 1642 1425 quot‘:

286 1427 405 1477 caesa
434 1429 482 1475 in
515 1445 575 1477 eo
616 1428 790 1492 proelio
834 1427 984 1476 millia
1016 1425 1105 1476 fint
1133 1464 1145 1486 ,
1195 1430 1301 1494 quis
1336 1445 1425 1493 pro
1457 1427 1637 1482 certo*¹

285 1495 494 1544 affirmet
514 1496 706 1561 ?]quum
730 1496 965 1544 tredecim
987 1495 1132 1543 millia
1152 1496 1260 1544 alibi
1282 1534 1296 1556 ,
1328 1496 1438 1543 alibi
1465 1494 1594 1544 haud
1614 1503 1625 1538 ⁴-

283 1565 393 1632 plus
426 1563 571 1631 quam
609 1561 794 1630 septem
826 1565 1083 1613 inveniam.
1122 1562 1299 1613 Castris
1335 1557 1625 1631 praedaquess‘

285 1632 441 1682 victor
468 1633 664 1698 potitur.
704 1632 1051 1692 Herdoneam,
1091 1634 1200 1698 quia
1226 1633 1277 1682 &
1307 1631 1639 1682 ἀθῖεξὶιιπειηι.

288 1700 427 1750 fuisse
447 1701 506 1748 ad
538 1700 787 1749 Romanos
820 1701 1060 1767 comperit
1086 1738 1098 1759 ,
1127 1718 1217 1748 nec
1243 1700 1510 1750 mansuram
1545 1702 1618 1749 in³

287 1768 415 1829 fide,
443 1767 477 1816 fi
509 1768 623 1816 inde
644 1767 924 1817 absceffiffet
944 1808 957 1826 ‚
987 1768 1292 1817 multitudine
1318 1771 1452 1817 omni
1481 1768 1616 1825 Mer

283 1851 536 1903 tapontum
571 1854 626 1884 ac
654 1836 870 1886 Thurios
895 1836 1107 1885 traducta
1129 1874 1142 1895 ,
1176 1837 1418 1899 incendit3
1454 1838 1610 1896 occi--

288 1907 357 1955 dit
379 1907 620 1972 principes
642 1942 658 1963 ‚
689 1906 771 1972 qui
794 1923 905 1954 cum
929 1905 1103 1954 Fulvio
1125 1905 1371 1972 colloquia
1402 1905 1592 1955 occulta
1608 1914 1631 1923 ”

285 1972 495 2022 habuisse
533 1975 770 2040 comperti
803 1972 925 2023 sunt.
974 1973 1218 2032 Romani,
1251 1976 1331 2041 qui
1371 1990 1430 2022 ex
1461 1971 1600 2023 tanta*
1625 2002 1634 2014 >-

286 2044 422 2091 clade
461 2041 709 2091 evaserant
743 2079 757 2102 ‚
793 2040 992 2091 diversis
1035 2042 1281 2091 itineribus
1315 2040 1610 2091 semiermese

286 2111 347 2159 ad
385 2110 675 2160 Marcellum
713 2109 961 2161 consulem
992 2112 1042 2159 in
1076 2109 1324 2160 Samnium
1363 2109 1594 2180 perfuge--⁴

291 2195 419 2229 runt.
1619 2180 1622 2185 ’

351 2247 414 2297 ΙΙ.
442 2246 711 2297 Marcellus
744 2247 862 2297 nihil
880 2248 1147 2298 admodum
1178 2246 1308 2297 tanta
1333 2246 1471 2299 clade
1495 2255 1627 2299 ter-⁵

347 2399 375 2437 4
415 2384 517 2426 Pars
555 2397 661 2444 terga
712 2389 907 2442 trepidan-
971 2386 1201 2440 invadere,
1245 2403 1328 2428 non
1362 2397 1568 2444 pugnante
1615 2365 1625 2389 p

1571 2402 1610 2432 ς.

287 2449 423 2502 tium]
465 2448 531 2488 Sic
551 2449 805 2502 praeferimus
830 2464 906 2504 pro
971 2449 1013 2490 in
1041 2452 1167 2504 prima
1199 2451 1287 2491 acie
1307 2480 1317 2494 ,
1354 2450 1422 2490 sed
1452 2451 1493 2489 in
1529 2449 1568 2489 se

287 2511 473 2566 Vulgato
494 2514 752 2566 pugnantium
774 2543 785 2562 ,
817 2526 906 2567 quae
972 2513 1100 2552 cunda
1116 2513 1202 2553 acie
1217 2511 1396 2566 positos,
1411 2511 1576 2567 quinon

287 2587 371 2613 vox
419 2573 513 2612 ideo
555 2573 687 2612 minus
732 2575 878 2626 placet
896 2604 909 2624 ,
971 2575 1065 2616 dum
1086 2575 1338 2631 pugnabant·

288 2632 399 2692 quod
416 2633 592 2676 Annibal
607 2633 768 2692 equites
790 2634 909 2691 jubet
1598 2653 1620 2686 5„

1438 2695 1556 2746 ritus
1574 2683 1619 2753 ξ
