1649 3104
368 117 416 175 L
457 132 481 174 1
524 131 560 176 Β
603 131 642 176 Ε
688 133 729 176 n
807 113 1051 178 xxx
1250 126 1363 194 371

68 211 277 282 ⁴indignus
313 214 445 282 effa,
482 215 527 265 fr·
567 216 725 283 dediffe
757 234 930 284 operam
969 213 1285 281 Mafiniffam,
1320 211 1575 263 &Uaed‘ff-
1599 222 1609 234 ⁴

63 301 200 350 porro
247 284 449 331 daturum
498 283 590 350 effe.
632 287 788 335 Petere
816 319 831 345 ,
880 299 930 332 ut
970 287 1132 351 regium
1176 301 1328 331 nomen
1350 267 1576 340 ,a.C.203·

4 387 5 390 ,
73 364 293 415 ceteraque
332 352 557 417 Scipionis
600 354 809 418 beneficia
849 351 894 400 δ’
934 370 1109 400 munera
1137 386 1154 408 ‚
1188 350 1372 414 senatus

71 419 241 465 decreto
284 421 597 484 confirmaret;
635 421 679 469 6³
706 459 722 479 ,
765 421 851 486 nist
885 420 1099 486 molestum
1135 417 1268 483 effit,
1307 418 1370 466 il-

72 485 153 534 lud
180 503 344 550 quoque
370 502 514 552 petere
544 488 822 554 Mafinifflzm
847 525 862 546 ‚
895 502 945 535 ut
973 487 1200 536 Numidas
1228 487 1372 552 capti-

69 571 153 603 ·vos
174 588 190 609 ,
230 555 304 617 qui
346 557 498 603 Rotnae
538 557 584 604 in
639 557 831 623 custodia
881 554 1011 621 effent
1040 591 1056 611 ,
1097 555 1371 602 remitterent.

69 620 131 669 Id
147 622 236 685 fibi
270 623 462 688 amplum
501 625 624 688 apud
650 624 889 689 populares
917 621 1119 688 ficturum
1152 619 1246 686 effe.
1289 620 1372 669 Ad

70 703 131 736 ea
165 687 440 755 responsum
477 690 675 757 legatis:
705 693 863 739 Rerum
889 692 1098 757 gestarum
1127 690 1172 737 in
1205 685 1377 753 Africa

63 754 269 822 prospere
291 792 305 813 ,
341 774 603 805 communem
630 759 718 823 fibi
762 777 858 806 cum
899 776 992 824 rege
1033 756 1372 824 gratulationem

70 822 165 888 effe.
206 824 457 888 Scipionem
498 825 598 872 recle*
643 840 771 890 atque
819 827 967 873 ordine
1007 826 1148 872 videri
1182 821 1335 890 feczſje
1355 857 1373 880 ,

69 891 192 954 quod
231 909 324 938 eum
362 910 498 958 regern
543 893 870 958 appellaverit:
899 890 998 958 (9)
1037 891 1115 948 δ’,
1158 891 1375 956 quidquid

70 958 201 1007 aliud
222 956 412 1022 fixerit,
443 962 561 1023 quod
584 962 706 1008 cordi
737 958 858 1025 soret
886 958 1126 1024 Masiniffae
1149 996 1163 1016 ,
1194 977 1246 1006 ea
1276 959 1375 1007 Pa-

68 1039 156 1073 tres
185 1027 461 1092 comprobare
499 1044 627 1092 atque
658 1028 852 1076 laudare.
881 1027 1084 1075 Munera
1111 1064 1127 1084 ,
1166 1043 1271 1092 quae
1302 1026 1374 1074 le-

70 1095 168 1159 gati
206 1091 386 1143 ferrent
425 1097 561 1163 regi,
598 1095 957 1156 decreverunt3
995 1093 1151 1160 sagula
1190 1110 1375 1159 purpu-

67 1178 151 1209 rea
197 1161 294 1209 duo
339 1178 449 1209 cum
496 1162 652 1211 fibulis
695 1164 847 1212 aureis
894 1161 1084 1227 singulis
1115 1199 1130 1220 ‚
1177 1163 1228 1210 &
1269 1161 1370 1209 lato

68 1228 211 1278 clavo
245 1230 524 1289 tunici53&
568 1247 719 1297 equos
763 1230 884 1279 duos
921 1229 1228 1296 phaleratos;
1261 1228 1374 1276 bina

0 1310 10 1315 ’
69 1295 309 1361 equestria
355 1314 484 1346 arma
533 1315 643 1347 cum
694 1298 853 1346 loricis
882 1335 897 1358 ,
936 1297 987 1346 ὅ(
1031 1294 1377 1354 tabernacula,

67 1364 420 1430 militaremque
481 1365 819 1432 supelleffllem
852 1402 867 1425 ‚
914 1364 1106 1430 qualem
1166 1363 1376 1430 praeberi

72 1430 254 1481 consuli
284 1451 390 1481 mos
419 1431 547 1483 effer.
574 1434 694 1483 Haec
728 1435 825 1500 regi
852 1447 1028 1499 praetor
1061 1432 1251 1481 mittere
1279 1428 1378 1495 jus-

69 1498 146 1548 sus
173 1517 184 1548 :
209 1500 376 1566 legatis
409 1502 455 1549 in
487 1501 696 1568 fingulos
726 1503 852 1551 dona
880 1517 938 1548 ne
963 1501 1118 1548 minus
1149 1498 1247 1565 (1)
1275 1498 1376 1564 qui·

71 1566 188 1616 nfim
224 1570 424 1617 millium
445 1606 460 1628 ‚
490 1571 746 1619 comitibus
772 1585 940 1618 eorum
959 1606 974 1626 ,
1003 1567 1207 1615 millium
1237 1567 1377 1614 aeris:

74 1635 128 1683 ὅ(
170 1634 457 1684 vestimenta
498 1637 608 1686 bina
650 1639 856 1703 legatis,
896 1635 1075 1702 fingula
1117 1634 1378 1682 comitibus

73 1700 394 1769 Numidisque
420 1742 430 1760 ,
468 1710 548 1770 qui
585 1722 642 1753 ex
678 1704 889 1753 custodia
928 1701 1075 1752 emiffi
1115 1701 1379 1751 redderen-

73 1783 150 1817 tur
186 1774 284 1837 regi
309 1772 320 1819 1
344 1771 402 1818 ad
439 1772 531 1821 hoc
563 1772 639 1840 (2)
665 1773 792 1822 aedes
826 1773 988 1820 liberae
1009 1806 1026 1828 ‚
1059 1770 1167 1819 loca
1187 1806 1203 1829 ‚
1233 1769 1382 1819 lautia

74 1836 242 1904 legatis
279 1839 489 1889 decreta.

134 1990 161 2032 9
195 1975 251 2016 Et
270 2008 280 2027 ‚
310 1979 470 2032 quiquid
496 1977 609 2017 aliud
627 1976 694 2032 fe·

68 2041 211 2081 cerie..
228 2070 239 2081 .
260 2053 305 2080 ea
326 2038 494 2093 Patres]
515 2038 594 2079 Hic
622 2054 694 2080 nu-

72 2101 175 2140 meri
205 2115 287 2139 non
316 2100 384 2140 fibi
415 2101 692 2155 respondent:

72 2163 309 2216 quidquid...
325 2178 382 2203 ea.
406 2162 510 2202 Sane
537 2164 695 2203 recedit

73 2237 158 2263 non
178 2221 269 2263 raro
292 2224 427 2263 Livius
450 2240 469 2264 a
489 2225 694 2266 consuetis

75 2284 369 2326 Grammaticae
394 2286 578 2340 legibus:
599 2286 667 2326 sed
683 2319 694 2338 ‚

75 2346 169 2400 quia
210 2345 276 2386 hic
320 2348 476 2388 variant
525 2348 662 2402 scripti
684 2378 693 2391 .

75 2409 159 2462 legi
198 2406 330 2461 poiset
351 2441 362 2459 ,
395 2410 430 2448 6·
458 2422 589 2463 patres
611 2442 621 2461 ‚
660 2410 700 2450 id

77 2469 136 2510 est
156 2502 167 2520 ,
200 2469 337 2510 Patres
371 2486 528 2524 quoque.

147 2545 162 2586 J
198 2530 372 2591 Quinzirn
390 2532 698 2589 millium..aeris]

78 2591 123 2632 Si
160 2593 425 2647 intelligimus
459 2609 512 2635 aes
547 2610 702 2650 grave,

757 1975 920 2032 possunt
946 1975 1090 2034 marcis
1118 1973 1278 2029 argenti
1302 1971 1383 2014 Pax-⁷

757 2040 825 2081 ris.
848 2054 889 2092 7.
910 2053 999 2080 cum
1020 2037 1148 2079 unciis
1172 2036 1298 2076 sex&
1320 2035 1385 2075 se-

758 2102 918 2142 muncia
938 2115 947 2141 :
969 2101 1080 2139 mille
1110 2098 1198 2138 aeris
1221 2129 1231 2148 ‚
1256 2097 1386 2138 unciae

758 2163 917 2217 argenti
953 2160 1169 2201 duodecim
1196 2191 1207 2210 ‚
1237 2159 1383 2200 itidem

759 2239 849 2265 cum
883 2223 1100 2263 semuncia.

825 2301 848 2326 2
885 2285 1011 2324 AEdes
1054 2282 1175 2323 libera
1202 2315 1213 2333 ,
1254 2280 1382 2337 loca]

764 2348 888 2387 AEdes
909 2346 1047 2385 libera-7
1065 2347 1387 2396 interpretamur

762 2423 933 2455 vacuas,
949 2408 987 2447 in
1003 2408 1146 2462 quibus
1165 2407 1288 2462 legati
1308 2403 1385 2445 soli

761 2473 995 2511 habitarent
1037 2469 1166 2508 Ceter
1185 2482 1233 2507 .m
1254 2499 1264 2517 ‚
1287 2465 1384 2519 quid

763 2533 836 2573 sint
858 2532 948 2571 loca
966 2564 976 2581 ‚
1001 2544 1088 2584 quae
1116 2540 1263 2583 praeter
1286 2529 1388 2568 libe·

766 2609 829 2636 ras
851 2593 957 2633 aedes
977 2593 1255 2631 decernuntur
1274 2591 1388 2644 lega-

81 2652 204 2710 quina
240 2656 366 2699 miliia
400 2657 491 2699 aeris
521 2656 704 2700 aestimari
766 2656 819 2699 tis
850 2687 863 2710 ‚
899 2654 1020 2696 haud.
1051 2652 1170 2694 facile
1213 2652 1390 2695 statuere

983 2710 1124 2780 ij
