1649 3104
263 106 334 192 58
673 108 1167 169 T.L1v11

50 223 169 283 U.e.5
176 209 349 281 42.r1't²t
365 247 383 268 ,
409 207 678 277 indignatur
694 210 723 258 Ρ
757 213 1000 261 Tradentes
1015 212 1165 261 urbem
1183 208 1409 276 principes
1428 207 1576 276 Syra·-

53 286 242 330 ιεὼς).
259 277 526 342 cusanorum
548 277 784 343 aversatus
792 284 896 341 sum
916 299 929 329 .·
946 281 1080 343 Sofin
1100 316 1114 339 ‚
1144 280 1190 328 6»
1217 280 1440 328 Mericum
1466 276 1578 342 Htfi

256 364 434 416 panum
452 383 466 403 ,
494 348 660 413 quibus
703 362 878 396 tantum
919 351 1127 397 crederem
1147 384 1161 409 ‚
1189 348 1388 413 potiores
1415 347 1574 396 habui.

261 415 377 466 Non
398 416 496 480 estis
528 416 708 464 extremi
722 415 1113 482 Syracusanorum
1131 449 1147 474 ‚
1172 417 1337 482 quippe
1356 415 1434 482 qui
1461 416 1575 464 aliis

257 483 563 534 humilitatem
611 483 862 551 objiciatis.
915 485 1038 549 Quis
1081 486 1138 552 est
1165 484 1349 551 vestrum
1371 519 1387 544 ‚
1416 484 1497 550 qui
1520 481 1572 548 ft

258 553 375 602 milti
400 567 554 617 portas
583 567 836 619 aperturum
863 590 880 611 ,
920 554 999 618 qui
1031 568 1231 601 armatos
1257 551 1426 601 milites
1450 568 1574 600 meos

257 622 310 670 in
333 622 478 669 urbem
509 637 792 686 accepturum
816 620 1112 687 promiserit?
1146 621 1319 687 odistis
1361 619 1406 669 ὢ
1436 618 1574 685 exse-

257 689 450 738 cramini
476 707 552 737 eos
578 690 657 755 qui
668 687 873 755 fecerunt
894 727 909 751 ‚
946 690 990 739 6³
1013 709 1068 739 ne
1100 689 1175 739 hic
1205 690 1381 755 quidem
1414 702 1574 737 contu·

259 758 411 807 meliis
440 758 488 806 in
512 776 586 805 eos
606 759 811 806 dicendis
826 760 1020 823 parcitis
1040 777 1054 807 .·
1078 772 1256 807 tantum
1292 758 1411 822 abest
1445 771 1495 804 ut
1527 755 1574 806 ὃ·

257 827 345 892 ipfi
370 826 461 874 tale
494 827 732 891 quicquam
755 825 926 892 fabluri
952 825 1157 892 fueritis.
1192 823 1299 892 Ipsa
1336 826 1576 874 humilitas

259 912 409 942 eorum
432 931 448 952 ‚
486 897 543 944 P.
572 897 623 944 C.
654 914 789 961 quam
815 896 887 961 isti
927 893 1180 960 objiciunt,
1216 896 1418 943 maximo
1436 911 1576 959 argu-

258 976 406 1011 mento
432 965 510 1028 esi,
543 982 610 1012 me
636 965 852 1012 neminem
873 1001 888 1025 ‚
917 966 996 1029 qui
1021 977 1243 1014 navatam
1265 981 1440 1029 operam
1467 963 1573 1027 reip.

259 1032 411 1096 nostrae
438 1032 551 1080 velit
575 1071 588 1090 ,
620 1032 871 1097 aversatum
905 1031 1001 1097 effe.
1035 1034 1098 1081 Et
1132 1045 1376 1097 antequam
1408 1031 1576 1096 obfide-

248 1118 349 1150 >rem
383 1099 641 1166 Syracusas
660 1139 675 1162 ‚
717 1119 836 1150 nunc
869 1103 1031 1168 legatis
1066 1101 1295 1150 mittendis
1323 1136 1337 1160 ‚
1363 1117 1483 1148 nunc
1511 1101 1577 1148 acl

257 1168 535 1234 colloquium
557 1173 702 1223 eundo
719 1207 735 1228 ,
771 1171 948 1219 tentavi
962 1187 1123 1236 pacem
1145 1188 1158 1218 :
1179 1169 1224 1216 ἐ)
1239 1206 1257 1228 ,
1282 1169 1573 1234 posteaquam

259 1255 402 1301 neque
423 1237 597 1303 legatos
629 1239 841 1287 violandi
877 1239 1149 1287 verecundia
1189 1251 1316 1296 erat,
1354 1254 1434 1285 nec
1461 1237 1574 1284 milti

259 1305 350 1372 ipfi
376 1305 594 1374 congnffa
622 1309 687 1355 aa'
706 1323 865 1373 portas
899 1325 999 1354 curn
1019 1306 1302 1372 principibus
1323 1303 1573 1371 responsum

256 1374 458 1422 dabatur
471 1411 488 1433 ,
513 1376 670 1423 multis
687 1376 800 1423 terra*
828 1377 1025 1441 marique
1044 1375 1271 1439 exlzaustis
1299 1374 1533 1422 laboribus
1553 1408 1569 1433 ,

256 1444 438 1492 tandem
457 1444 507 1490 vi
532 1457 666 1508 atque
699 1445 837 1492 armis
865 1441 1122 1510 Syracusas
1141 1443 1251 1507 cepi.
1279 1442 1395 1506 Quae
1421 1443 1574 1506 captis

241 1511 541 1570 -acciderint,
578 1514 703 1577 apud
732 1512 1013 1561 Annibalem
1045 1512 1090 1560 6³
1134 1509 1526 1577 Carthaginienses
1552 1544 1571 1570 ,

256 1576 340 1646 (8)
375 1580 516 1627 vielos
532 1579 684 1642 secum
704 1617 715 1639 ‚
741 1578 912 1646 justius
930 1617 944 1642 ,
975 1579 1111 1646 quam
1132 1581 1260 1644 apud
1274 1579 1456 1630 vifloris
1480 1596 1572 1645 po·

251 1649 358 1714 puli
371 1646 580 1711 finatum
600 1685 614 1708 ,
639 1665 931 1714 quererentur.
970 1650 1073 1715 Ego
1092 1687 1110 1708 ,
1148 1649 1209 1698 P.
1236 1649 1282 1698 C.
1313 1645 1572 1714 Syracusas

246 1714 480 1782 spoliatas
492 1717 540 1780 fi
554 1733 795 1783 negaturus
810 1716 961 1783 efferri,
985 1735 1217 1783 nunquam
1229 1716 1400 1783 spoliis
1421 1734 1572 1765 earum

256 1785 405 1833 urbem
426 1787 620 1833 Romam
648 1804 921 1836 exornarem.
953 1788 1068 1851 Quae
1089 1799 1237 1834 autem
1255 1785 1456 1852 singulis
1477 1785 1576 1834 vic·
1630 1806 1635 1811 ·

257 1866 327 1901 tor
343 1868 424 1900 aut
446 1855 595 1902 ademi
617 1889 631 1912 ,
655 1870 737 1903 aut
763 1857 865 1903 dedi
882 1874 901 1914 ;
932 1872 1065 1920 quum
1094 1855 1200 1901 belli
1213 1850 1318 1917 jure
1338 1889 1353 1913 ‚
1386 1868 1480 1902 tum
1512 1871 1571 1902 ex

255 1918 470 1986 cujusque
502 1924 653 1971 merito
678 1961 691 1982 ‚
717 1921 838 1986 satis
859 1922 960 1986 scio
992 1942 1058 1971 me
1076 1921 1251 1988 ficiffe.
1274 1920 1353 1989 (9)
1379 1924 1459 1972 Ea
1485 1940 1571 1971 vos

255 2007 358 2038 rata
379 1992 588 2039 habeatis
605 2028 623 2049 ‚
652 1993 711 2040 P.
737 1993 784 2041 C.
810 2010 878 2040 ηαξ
898 1992 1044 2057 magis
1064 1992 1174 2057 reip.
1194 1991 1364 2057 interest
1388 2028 1402 2050 ‚
1433 1989 1570 2056 quam

256 2059 370 2107 med.
399 2060 515 2108 Mea
546 2062 712 2127 quippe
733 2061 855 2124 fides
878 2059 1083 2125 exsoluta
1105 2063 1159 2125 est
1190 2076 1205 2107 τ
1235 2061 1299 2107 ad
1320 2077 1450 2124 remp.
1468 2075 1571 2124 per-

256 2129 368 2174 tinet
390 2165 404 2186 ,
435 2148 512 2185 ne,
543 2134 645 2177 abia
675 2147 772 2177 mea
799 2127 1080 2194 rescindendo
1101 2166 1115 2189 ‚
1146 2128 1269 2176 alios
1287 2128 1335 2176 in
1351 2128 1569 2194 posterum

243 2193 468 2260 segniores
495 2195 858 2262 ducesfhciatis.
887 2199 950 2247 Et
970 2199 1187 2263 quoniam
1214 2214 1388 2257 coram,
1421 2195 1466 2244 δ’
1488 2196 1570 2244 Si-

254 2265 454 2313 culorum
474 2300 488 2324 ,
519 2265 564 2314 ὅ*
590 2284 687 2314 mea
712 2270 844 2316 verba
865 2268 1057 2332 audistis
1076 2303 1090 2325 ‚
1111 2267 1172 2316 P.
1195 2266 1242 2314 C.
1248 2267 1391 2330 fimul
1405 2263 1571 2331 templo

252 2335 514 2382 excedemus
539 2371 553 2395 ,
585 2349 635 2383 ut
662 2354 729 2384 me
759 2331 938 2401 absente
976 2334 1158 2386 liberius
1187 2332 1364 2398 consuli
1379 2332 1572 2400 senatus

315 2445 340 2485 8
369 2442 646 2500 Vtffossecum
664 2449 682 2503 ]
711 2447 777 2489 Sic
799 2449 876 2489 de·
1003 2462 1028 2505 9
1050 2447 1114 2488 Ea
1133 2463 1204 2489 vos
1230 2460 1321 2488 rata
1348 2443 1563 2499 habeatis]

249 2507 381 2548 dimus
407 2541 418 2561 ,
455 2519 499 2549 ut
528 2510 693 2550 videtur
724 2508 806 2551 esse
827 2511 877 2552 ad
938 2509 1131 2566 Intellige
1144 2522 1209 2562 ut,
1227 2522 1282 2557 ex
1295 2507 1567 2555 moteadm0÷

248 2567 410 2611 sensum
427 2572 684 2613 commodius
699 2602 710 2623 ,
728 2573 770 2613 in
784 2572 876 2615 vice
938 2573 1033 2615 dum
1053 2571 1217 2619 ufitato.

246 2633 405 2734 1*fuslgati
435 2632 627 2691 viffosque
655 2643 727 2678 aut
752 2635 879 2679 riuos

269 2708 289 2733 e
313 2709 354 2736 e.
