1649 3104
330 148 1629 256 εεΞΞὲΞἝΞἘΞΞἈ·

598 339 1364 410 EPJTOME

363 505 672 565 LIBRI
738 505 1075 562 XXVII.
1137 505 1587 563 LIVIANI.

327 613 467 721 CN.
496 671 691 721 Fulvius
706 670 948 739 proconsul
973 691 1071 720 curn
1094 671 1287 720 exercitu
1314 670 1370 718 ab
1390 669 1628 723 Annibale

318 742 384 786 ad
408 742 696 789 Herdoneam
723 739 859 804 caesus
879 743 951 807 est.
987 742 1177 789 Meliore
1195 754 1354 788 eventu
1375 759 1403 786 a
1430 740 1625 788 Claudio

316 809 543 856 Marcello
576 807 751 871 consule
784 808 1002 871 adversus
1039 811 1236 858 eumdem
1264 810 1328 855 aa'
1360 809 1622 872 Numistro-

317 895 417 923 nem
451 892 705 943 pugnaturn
746 879 800 943 est
839 896 852 926 .·
907 879 1010 926 inde
1037 878 1254 926 Annibal
1286 879 1414 925 noc‘lu
1447 875 1622 939 reeeffi’t.

315 946 574 994 Afarcellus
607 944 830 1009 insecutus
860 948 937 1013 est,
974 946 1017 994 ἐξ)
1041 945 1237 1010 subinde
1271 947 1487 992 cedentem
1509 942 1624 1007 prefi

305 1015 369 1076 fit
386 1048 401 1072 ,
424 1015 566 1062 danec
587 1013 839 1080 confligeret
863 1033 875 1063 :
913 1016 1056 1078 priore
1069 1015 1225 1081 pugnci
1246 1011 1620 1077 Annibalsupe-

315 1081 404 1128 rior
423 1080 554 1145 ficit,
595 1084 847 1131 Marcellus
875 1081 1135 1148 insequenti.
1166 1082 1334 1131 Fabius
1370 1082 1620 1129 Maximus

309 1166 441 1214 pater
461 1149 620 1214 confhl
651 1152 917 1200 Tarentinos
938 1170 1018 1216 per
1030 1151 1330 1217 proditionem
1356 1150 1529 1214 recepit.
1561 1148 1619 1198 In

310 1216 549 1283 Hispania
568 1222 631 1267 ad
647 1221 882 1269 Boeculam
901 1221 1057 1285 Scipio
1073 1237 1171 1267 cum
1191 1217 1445 1283 Asdrubale
1462 1218 1617 1266 Amil-

311 1288 429 1334 caris
453 1287 695 1353 conflixit,
729 1288 774 1337 6·
792 1289 936 1337 vicit:
968 1290 1080 1337 inter
1103 1289 1202 1336 alia
1227 1302 1407 1353 captum
1430 1303 1613 1350 puerum

309 1355 498 1421 regalem
529 1357 703 1404 eximiae
725 1355 886 1422 formae
913 1357 978 1404 acl
1019 1357 1294 1406 avunculum
1327 1353 1618 1418 Mafinzffam

308 1441 408 1471 cum
426 1425 562 1473 donis
580 1425 757 1489 dimisit.
776 1426 997 1474 Claudius
1019 1425 1272 1474 Marcellus
1287 1461 1300 1482 ‚
1323 1427 1373 1472 T.
1391 1424 1616 1488 Quintius

308 1490 538 1557 Crispinus
557 1492 761 1557 consules
775 1492 1048 1560 speculandi
1073 1493 1217 1542 causti
1231 1493 1438 1558 progreffi'
1464 1509 1484 1538 e
1517 1489 1616 1554 cafi

305 1561 388 1607 tris
412 1598 426 1619 ,
455 1561 633 1623 insidiis
663 1563 720 1609 ab
743 1562 980 1611 Annibale
1013 1562 1301 1610 circumventi
1312 1558 1440 1623 fitnt.
1474 1561 1614 1608 Mar-

305 1629 449 1676 cellus
468 1627 638 1691 occisus
644 1629 745 1694 ficit
769 1668 783 1689 ‚
811 1627 1037 1696 Crispinus
1058 1628 1201 1696 fitgit.
1237 1631 1328 1678 Res
1354 1642 1557 1690 praeterea
1577 1645 1610 1677 a·

303 1694 385 1762 (1)
425 1698 484 1746 P.
515 1699 725 1763 Sulpicio
751 1713 936 1764 praetore
985 1697 1206 1747 adversus
1254 1698 1523 1761 Philippum
1565 1696 1613 1745 6·

306 1766 508 1815 Achaeos
540 1768 683 1832 gestas
706 1769 919 1816 continet.
954 1768 1156 1834 Lustrum
1185 1785 1215 1814 a
1241 1763 1490 1828 censoribus
1505 1782 1612 1813 con·

303 1835 449 1882 ditum
474 1835 559 1900 est:
583 1833 711 1899 censa
722 1833 832 1898 fitnt
857 1836 1028 1885 civium
1047 1836 1203 1900 capita
1223 1848 1396 1883 centum
1423 1833 1613 1899 triginta

294 1900 464 1968 septem
482 1903 634 1952 millia
655 1919 828 1952 centum
845 1903 890 1952 ὃ·
908 1905 998 1952 0520
1027 1922 1042 1953 .·
1076 1922 1131 1951 ex
1149 1922 1235 1968 quo
1253 1921 1431 1951 numero
1460 1918 1608 1968 appa*

301 1972 394 2018 ruit
407 1986 626 2036 quantum
651 1973 879 2021 hominurn
908 1986 974 2020 tot
1007 1973 1256 2034 proeliorurn
1291 1969 1479 2034 adversa
1497 1969 1610 2036 far-¹

197 2082 200 2083 ι
299 2054 412 2087 tuna
442 2041 613 2105 populo
640 2043 772 2090 Rom.
802 2039 1060 2107 abstuliffet.
1086 2038 1357 2102 Asdrubal,
1386 2040 1466 2104 qui
1502 2057 1604 2087 cum

301 2109 497 2156 exercitu
518 2126 637 2157 novo
664 2106 1009 2172 tranffcenderat
1026 2110 1172 2174 Alpes
1192 2145 1208 2166 ‚
1240 2122 1288 2156 ut
1301 2106 1349 2170 se
1372 2108 1604 2156 Annibali

298 2173 581 2242 conjungeret
606 2215 620 2237 ,
650 2195 748 2226 cum
774 2178 977 2226 millibus
1006 2178 1236 2225 hominurn
1268 2177 1602 2242 quinquaginta

288 2243 376 2309 sex
413 2242 550 2308 caefiis
582 2247 637 2310 est
660 2282 673 2304 ‚
701 2247 777 2294 M.
805 2247 933 2294 Livii
964 2243 1161 2309 consulis
1193 2246 1325 2292 duflu
1345 2281 1363 2303 ‚
1391 2244 1476 2308 sed
1505 2263 1600 2294 non

297 2314 462 2361 minore
495 2315 629 2377 operti
651 2314 835 2363 Claudii
865 2315 1063 2363 Neronis
1087 2312 1312 2377 confidis:
1348 2314 1426 2378 qui
1457 2331 1595 2378 quum

297 2382 528 2430 Annibali
568 2384 787 2447 oppofitus
831 2381 929 2447 effi‘t
953 2419 968 2442 ‚
1013 2382 1174 2430 reliblis
1217 2382 1369 2446 castris
1394 2418 1411 2440 ,
1445 2382 1512 2428 ita
1543 2394 1594 2429 ut

295 2447 647 2515 hostemfizlleret
664 2487 678 2506 ‚
704 2469 803 2500 cum
822 2452 957 2499 eletla
975 2468 1113 2500 manu
1134 2448 1358 2517 proficius
1375 2485 1391 2511 ,
1418 2449 1596 2518 Asdru·
1619 2489 1626 2500 ,

296 2518 442 2566 balem
473 2517 782 2568 circumvenit.

362 2669 380 2700 ι
410 2653 454 2698 P.
484 2655 666 2714 Sulpicio
701 2667 861 2712 praetore
888 2657 907 2714 ]
941 2655 1028 2700 Imo
1042 2653 1291 2713 proconficle·
