1649 3104
294 119 405 180 106
706 88 1194 181 T.Liv11

72 219 109 263 U
131 219 338 270 0542&
376 216 550 280 ludos,
591 234 681 285 pro
712 221 949 288 temporis
991 219 1093 287 ejus
1129 222 1274 289 copia
1296 259 1310 283 ,
1350 219 1599 292 magnifici

71 276 249 372 35³2?
286 287 541 354 apparatus
568 286 806 339 fecerunt.

122 334 270 436 [ἕως
359 354 470 405 VII.
502 355 642 406 Exitu
673 360 782 406 anni
815 356 991 422 hujus,
1028 358 1105 407 die
1151 375 1326 426 quarto
1367 361 1421 410 &
1455 361 1600 411 trice-

73 397 240 498 ezaialfi
287 422 408 474 fimo
432 423 576 492 quam
595 427 653 474 ab
680 425 957 475 Tarracone
993 427 1235 493 profe&us
1267 443 1395 486 erat,
1420 428 1479 479 C.
1501 429 1601 478 Lae‘-

65 474 245 563 {mam
283 492 372 543 lius
396 494 580 561 legatus
603 493 842 562 Scipionis
872 495 1083 544 Romam
1115 499 1251 545 venit
1278 515 1291 556 3
1323 497 1453 563 isque
1484 516 1597 547 cum

70 586 194 626 vem-t·
284 564 476 630 agmine
509 565 817 630 captivorum
854 563 1083 632 ingressus
1120 567 1323 626 urbem,
1363 583 1594 633 magnum

282 630 572 681 concursum
607 632 859 682 hominum
895 634 1024 682 fecit.
1052 632 1251 681 Postero
1287 635 1365 682 die
1392 637 1438 682 in
1469 635 1596 682 sena·
1638 637 1644 666 >¹

276 714 381 748 tum
423 699 753 760 introducitis,
793 720 982 768 captam
1029 700 1410 768 Carthaginem,
1451 715 1596 768 caput

278 767 525 835 Hispaniae
548 807 562 828 ‚
599 787 697 818 uno
722 770 798 819 die
823 807 837 828 ‚
863 770 1175 837 receptasque
1205 772 1391 836 aliquot
1419 771 1594 829 urbes,

278 854 388 904 quae
425 836 705 887 defecissent
727 876 739 896 ‚
771 839 1019 906 novasque
1054 841 1102 886 in
1132 839 1408 888 societatem
1446 837 1597 887 adsci-

278 920 380 965 tas,
411 905 647 973 exposuit.
703 906 774 955 Ex
819 909 1021 974 captivis
1072 924 1323 972 comperta
1374 908 1444 955 his
1493 906 1597 956 fere

276 977 626 1041 congruentia,
657 993 764 1041 quae
795 977 842 1025 in
879 978 1049 1025 litteris
1078 976 1266 1024 fuerant
1304 975 1593 1027 MaeValerii

271 1041 507 1091 Messalae.
529 1043 742 1093 Maxime
767 1047 922 1093 movit
944 1044 1105 1094 Patres
1124 1043 1403 1092 Asdrubalis
1428 1043 1590 1092 tranfi-

271 1125 348 1159 tus
379 1113 425 1159 in
463 1111 678 1172 Italiam,
715 1112 792 1180 (1)
823 1116 903 1162 vix
935 1114 1165 1163 Annibali
1196 1128 1340 1180 atque
1381 1111 1483 1177 ejus
1516 1131 1592 1161 ar-

270 1181 363 1228 mis
411 1179 758 1230 subsistentem.
798 1181 1063 1231 Producius
1102 1184 1154 1232 δι
1206 1184 1255 1230 in
1299 1182 1594 1231 concionem

269 1246 446 1297 Laelius
477 1250 652 1298 eadem
689 1249 946 1299 edisseruit.
975 1250 1175 1300 Senatus
1209 1288 1224 1310 ‚
1271 1251 1336 1298 ob
1376 1267 1451 1298 res
1487 1249 1594 1299 feli-

268 1317 390 1365 citer
427 1336 454 1366 a
488 1317 539 1367 P.
578 1317 805 1384 Scipione
852 1319 1036 1387 gestas,
1083 1318 1486 1385 supplicationem
1540 1320 1590 1368 in

268 1402 421 1434 unum
464 1387 593 1435 diem
630 1388 849 1437 decrevit
879 1407 889 1437 t
922 1386 982 1437 C.
1018 1388 1220 1437 Laelium
1270 1389 1428 1454 primo
1468 1405 1592 1454 quo-

269 1471 368 1520 que
401 1468 622 1521 tempore
661 1474 772 1505 cum
807 1456 978 1523 quibus
1017 1474 1221 1505 venerat
1263 1457 1467 1505 navibus
1516 1474 1591 1505 re-

272 1523 374 1571 dire
411 1524 459 1571 in
492 1523 773 1589 Hispaniam
801 1523 942 1589 juffit.
994 1523 1297 1592 Carthaginis
1351 1541 1594 1591 expugna-

239 1592 459 1653 *tionem
493 1594 540 1640 in
572 1594 699 1642 hunc
732 1611 907 1642 annum
941 1595 1153 1651 contuli,
1193 1593 1354 1642 multis
1379 1591 1592 1641 auctori-

269 1660 360 1709 bus
395 1679 409 1721 3
443 1660 568 1709 haud
603 1661 788 1711 nescius
811 1702 826 1720 ,
853 1661 1087 1723 quosdam
1124 1660 1216 1710 csse
1252 1662 1334 1728 qui
1366 1679 1493 1710 anno
1522 1663 1592 1710 in-

269 1727 488 1795 sequenti
521 1745 713 1796 captam
743 1724 1027 1779 traditlerint
1061 1749 1070 1780 :
1101 1730 1234 1798 quod
1267 1731 1385 1778 mihi
1430 1731 1591 1779 minus

270 1795 427 1846 {imile
464 1801 568 1846 veri
597 1799 750 1847 visum
782 1799 848 1848 est
873 1838 886 1858 ,
915 1818 1089 1847 annum
1123 1802 1360 1866 integrum
1402 1797 1589 1863 Scipio-

55 1871 232 1921 Πομ)
271 1883 385 1915 nem
433 1866 548 1915 nihil
595 1868 813 1934 gerundo
866 1870 913 1916 in
959 1867 1188 1934 Hispania
1234 1866 1591 1933 consumpsisse.

56 1928 236 1971 a.C.20<)
273 1934 343 2000 Q.
382 1934 532 1984 Fabio
568 1936 787 1986 Maximo
822 1938 1039 2003 quintum
1062 1973 1075 1995 ‚
1107 1936 1175 2001 Q
1199 1935 1371 1984 Fulvio
1410 1935 1588 1985 Flacco

84 1985 253 2090 ‚Q'ga‘
274 2005 495 2071 quartum
531 2005 802 2054 consulibus
826 2044 840 2066 ‚
881 2004 1044 2054 Idibus
1093 2005 1314 2064 Martiis,
1352 2021 1449 2071 quo
1507 2005 1588 2054 die
1636 2030 1649 2035 „

51 2050 123 2165 ΞΟ
143 2078 232 2152 Fui·
272 2071 597 2140 magistratum
632 2076 871 2133 inierunt,
908 2073 1037 2123 ltalia
1071 2073 1307 2122 ambobus
1332 2073 1587 2139 provincia

51 2143 122 2214 vig,
158 2173 236 2214 IV·
270 2141 466 2191 decreta
500 2161 513 2203 3
549 2142 822 2205 regionibus
850 2157 1009 2192 tamen
1032 2146 1258 2209 partitum
1294 2143 1586 2208 imperium:

51 2234 166 2277 Coffi
270 2209 443 2259 Fabius
490 2211 550 2259 ad
588 2210 898 2273 Tarentum,
939 2212 1136 2261 Fulvius
1185 2213 1231 2259 in
1279 2209 1483 2259 Lucanis
1529 2227 1585 2260 ac

82 2297 249 2338 Provin-
272 2278 467 2327 Bruttiis
498 2297 598 2327 rem
629 2296 835 2347 gereret.
868 2282 934 2330 M.
967 2280 1173 2332 Claudio
1199 2295 1513 2347 prorogatum
1533 2280 1584 2327 in

49 2363 120 2400 ciae
153 2359 190 2400 5·
271 2364 448 2395 annum
481 2349 754 2414 imperium.
788 2349 1023 2400 Praetores
1062 2348 1214 2398 sortiti
1255 2349 1531 2414 provincias
1568 2366 1581 2398 :

49 2426 192 2464 exerci-
269 2414 328 2465 C.
372 2414 602 2465 Hostilius
639 2417 859 2467 Tubulus
919 2420 1150 2468 urbanam
1186 2457 1199 2479 ,
1247 2417 1299 2466 L.
1350 2416 1582 2464 Veturius
1646 2472 1649 2482 .-

49 2496 127 2528 τω.
263 2483 404 2535 Philo
437 2487 739 2553 peregrinam
770 2506 880 2537 cum
899 2487 1057 2539 Gallia
1075 2528 1085 2542 ,
1116 2487 1178 2537 Τ.
1202 2485 1434 2552 Quintius
1456 2482 1582 2532 Cris:-

330 2593 346 2620 1
378 2576 461 2622 Vix
495 2581 741 2622 Annibali..
764 2581 887 2635 .fhb-
954 2582 1029 2623 Cic
1082 2585 1109 2625 1.
1146 2583 1218 2622 XI.
1251 2580 1326 2633 Ep.
1356 2579 1466 2622 Fam.
1506 2591 1582 2632 100

249 2640 481 2697 fistentcm]
516 2644 559 2683 ld
590 2644 645 2685 est
666 2676 675 2694 ‚
708 2645 775 2684 vix
810 2659 884 2698 pa-
939 2644 1139 2700 ficbfistere
1160 2641 1354 2698 sumptui.

256 2716 378 2747 rem:
407 2706 748 2761 quemadmodum
779 2706 885 2764 apud
