1649 3104
262 97 338 175 50'
673 89 1184 152 T.L1v11*

44 183 238 251 U{542-
256 191 357 259 lega
379 207 560 257 ,neque
579 191 632 240 de
652 192 909 258 republica,
933 211 1073 258 neque
1091 194 1144 241 de
1168 189 1421 258 provinciis
1441 190 1572 242 ae‘lu·²

43 243 236 285 ²·L‘2m·
257 279 368 309 rum.
395 261 518 309 Scire
540 257 590 324 fi
619 298 633 320 ,
661 261 916 326 frequentes
949 263 1135 309 Siculos
1165 279 1305 328 prope
1341 261 1487 309 urbem
1517 262 1570 310 itt

256 330 388 379 villis
427 328 758 377 obtreflatorum
782 328 966 394 suorum
1011 327 1090 394 effi
1122 347 1136 378 :
1187 331 1350 395 quihus
1388 343 1570 378 tantum

258 394 402 460 abff
432 412 481 445 ut
510 397 658 461 perse
705 416 796 445 non
833 398 968 445 liceat
999 397 1158 463 palam
1190 401 1346 446 Romae
1378 397 1570 445 crimina

259 468 381 514 edita
411 467 609 531 fifflaque
646 465 704 512 ab
734 465 938 514 inimicis
974 465 1192 532 vulgare,
1224 480 1276 514 ut
1305 465 1568 529 nifimula-

258 548 353 582 rent
373 534 665 598 aliquemfibi
687 534 883 582 timorem
899 571 912 590 ,
945 533 1123 598 absente
1150 535 1321 600 collega
1340 571 1355 591 ‚
1389 533 1571 582 dicendi

259 604 313 650 de
333 601 512 665 consule
547 599 627 666 effe
653 636 667 659 ‚
707 600 799 666 ipfi’
818 603 882 649 eis
904 604 1126 667 extemplo
1145 604 1335 650 daturus
1357 597 1570 665 senatum

246 667 405 736 fherit.
443 669 537 718 Ubi
557 671 732 734 quidem
759 670 932 737 collega
951 668 1171 734 veniffh,
1207 689 1298 718 non
1334 669 1569 735 paffitrum

258 739 502 803 quicquam
529 737 660 804 prins
685 737 792 802 agi,
831 738 963 803 quam
1001 755 1051 787 uc
1087 738 1237 787 Siculi
1270 740 1318 786 in
1355 739 1568 801 senatum

258 808 615 855 introducantur.
690 806 923 855 Delec‘lurn
968 824 1105 873 prope
1158 825 1189 854 a
1237 809 1312 856 M.
1364 807 1568 855 Cornelio

252 893 335 941 per
386 889 527 922 totam
582 872 795 922 Siciliam
842 875 1047 923 habitum
1082 913 1095 933 ‚
1148 890 1199 924 ut
1241 874 1569 941 quamplurimi

260 943 451 1007 questum
483 944 536 990 de
563 940 614 1005 fi:
649 945 843 991 Romam
874 944 1076 991 venirent
1111 961 1125 991 .·
1176 945 1371 992 eumdem
1403 943 1570 997 litteris

251 1010 393 1076 salsis
417 1011 563 1058 urbem
602 1009 797 1076 impleffi
828 1047 842 1070 ‚
893 1011 1053 1059 bellurn
1081 1012 1128 1059 in
1160 1012 1332 1060 Sicilia
1365 1008 1482 1075 effe,
1518 1023 1572 1059 ut

250 1077 386 1142 suam
415 1079 594 1127 laudem
617 1081 811 1129 minuat.
845 1078 1093 1128 Moderati
1115 1081 1261 1127 animi
1281 1080 1485 1146 gloriam
1507 1095 1571 1128 eo

259 1147 338 1195 die
369 1146 572 1213 adeptus
597 1146 799 1205 consul,
837 1145 1053 1196 senatum
1085 1146 1290 1207 dimis1t3
1325 1165 1378 1195 ac
1414 1164 1571 1214 prope

257 1213 491 1281 justitium
530 1217 749 1264 omniurn
791 1233 953 1264 rerum
1001 1215 1216 1264 futurum
1270 1214 1567 1275 videbatur,

259 1283 418 1332 donec
451 1282 568 1332 alter
594 1283 762 1333 consul
797 1284 857 1332 ad
893 1283 1062 1332 urbem
1100 1282 1315 1332 venisset.
1360 1281 1570 1345 Otium,

65 1342 243 1405 Qum]ae
261 1366 310 1402 ut
341 1351 461 1401 solet
480 1390 491 1409 ,
525 1353 756 1401 excitavit
779 1351 932 1418 plebis
962 1369 1180 1400 rumores
1202 1370 1212 1400 z
1240 1351 1316 1418 (6)
1342 1351 1447 1399 belli
1463 1353 1568 1400 diu-

50 1405 179 1454 KR·
259 1421 521 1469 turnitatem
548 1457 562 1479 ,
608 1420 654 1469 δ’
705 1423 908 1488 vastatos
938 1438 1068 1487 agros
1105 1424 1222 1468 circa
1259 1422 1437 1477 urbem,
1477 1418 1570 1486 qud

259 1489 416 1553 infesto
454 1490 630 1554 agmine
659 1486 755 1552 tſj'et
784 1489 1032 1548 Annibal,
1069 1488 1113 1536 δ’
1135 1490 1397 1554 exhaustam
1430 1490 1572 1536 delec-

259 1559 381 1605 tibus
415 1555 606 1604 Italiam
650 1593 665 1617 ‚
707 1574 846 1623 prope
883 1558 1132 1621 quotannis
1174 1560 1393 1604 exercitus
1435 1555 1571 1620 caefhs

263 1624 622 1692 querebantur3
661 1625 706 1673 δ’
739 1623 941 1689 consules
975 1623 1210 1688 bellicosos
1247 1626 1376 1672 ambo
1400 1659 1413 1678 ‚
1445 1627 1570 1673 viros

262 1712 387 1742 acres
423 1695 562 1741 nimis
598 1693 642 1741 ἃ
665 1692 842 1759 feroces
863 1731 880 1753 .,
910 1707 1081 1741 creatos
1107 1729 1124 1750 ,
1169 1695 1247 1757 qui
1279 1694 1354 1740 vel
1380 1693 1426 1739 in
1453 1710 1569 1758 pace

260 1763 514 1826 tranquilla
536 1761 697 1809 bellum
733 1762 925 1809 excitare
944 1759 1115 1827 poffint
1135 1796 1150 1819 ‚
1188 1763 1349 1809 nedum
1381 1762 1429 1809 in
1451 1761 1566 1812 bello

263 1826 467 1894 respirare
493 1830 722 1878 civitatem
741 1828 894 1895 forent
923 1827 1111 1896 paffuri.

89 1888 247 1961 ..lncen-
327 1896 542 1946 XXVII.
574 1895 833 1964 Interrupit
857 1897 945 1945 hos
970 1897 1214 1946 sermones
1249 1895 1388 1945 nORe
1411 1933 1427 1956 ,
1462 1915 1570 1965 quae

53 1952 417 2033 dmmRO‘pridie
440 1965 516 2033 (7)
536 1964 869 2032 Quinquatrus
897 1964 1016 2023 fuit,
1041 1965 1255 2031 pluribus
1281 1963 1418 2013 fimul
1447 1965 1569 2016 locis

57 2028 143 2055 Μ·
263 2037 385 2083 circa
409 2033 570 2082 forum
606 2034 884 2082 incendium
913 2048 1087 2083 ortum.
1123 2032 1313 2080 Eodem
1342 2047 1568 2099 tempore

259 2101 444 2168 septem
466 2103 674 2151 tabernae
691 2138 707 2163 ,
742 2120 848 2170 quae
867 2100 1032 2168 postea
1050 2102 1260 2168 quinque
1280 2139 1291 2157 ,
1329 2102 1382 2151 &
1402 2118 1571 2168 argen-

263 2173 392 2221 tariae
426 2207 443 2231 ,
498 2189 605 2238 quae
651 2188 778 2220 nunc
815 2169 975 2222 Novae
1015 2169 1356 2237 appellantur,
1392 2171 1568 2222 arsere.
1620 2183 1625 2188 '

320 2280 346 2323 6
371 2281 482 2322 Belli
516 2283 877 2323 diuturnitatem...
1003 2294 1029 2334 7
1065 2280 1336 2340 Quinquatrus
1364 2281 1380 2335 ]
1405 2278 1565 2327 Festum

254 2342 537 2400 querebantur]
573 2344 639 2385 Sic
661 2344 741 2385 duo
763 2343 879 2385 codi-
940 2342 1142 2384 Minervae
1169 2359 1179 2384 :
1220 2343 1284 2383 cui
1311 2356 1464 2384 nomen
1495 2344 1568 2384 alii

257 2419 327 2446 ces
347 2419 422 2460 pro
439 2406 623 2460 Vulgato
640 2437 650 2457 ,
678 2405 772 2446 belli
793 2407 879 2445 diu·
940 2406 988 2445 ab
1008 2418 1060 2445 eo
1079 2403 1159 2445 effe
1176 2406 1324 2444 volunt
1338 2435 1348 2454 ,
1372 2404 1481 2459 quod
1505 2404 1569 2444 es-

258 2470 473 2507 turnz'tate:
491 2482 629 2521 parum
645 2468 752 2507 enim
765 2482 879 2508 corn-
941 2467 1003 2508 set
1026 2466 1115 2521 post
1139 2467 1323 2521 quintum
1341 2466 1450 2506 diem
1470 2465 1567 2510 Idus

258 2527 381 2569 mode
414 2529 577 2570 videtur
606 2529 778 2569 adscribi
799 2528 883 2569 diu-
946 2528 1118 2582 Martii,
1135 2529 1204 2569 alii
1221 2531 1269 2569 ab
1289 2540 1341 2567 eo
1359 2525 1469 2580 quod
1488 2542 1565 2584 pet

256 2592 446 2631 turnitati
462 2591 586 2639 belli,
608 2604 799 2646 agrorum
814 2591 883 2644 qui
945 2591 1123 2647 quinque
1143 2591 1229 2634 dies
1246 2597 1458 2646 ageretur.

259 2653 369 2695 eirca
386 2655 528 2696 urbem
551 2662 667 2697 erant
697 2651 882 2695 vastatio.
