1649 3104
269 120 316 180 L
360 137 464 180 1-13
511 137 545 180 ε
588 138 628 178 R
711 121 1078 184 XXVIII.
1219 141 1327 204 235

0 233 1 249 *
28 236 86 270 an
119 220 328 270 universi
356 222 415 271 ad
452 220 740 290 stipendium
771 222 1034 288 petendum
1063 223 1186 271 irent
1214 240 1223 270 :
1264 209 1537 270 in·U·⁰-54⁶·

29 289 224 337 clinavit
258 288 485 340 sententia
507 327 522 350 ‚
555 289 688 358 quod
724 291 871 339 tutius
915 289 1202 349 censebant„
1230 270 1536 338 uni-²¹·ss·2c⁶‘

30 355 191 406 versos
226 358 310 406 ire.

33 442 35 449 ’
97 422 332 473 XXVI.
363 424 453 475 Per
499 425 695 475 eosdem
745 425 848 474 dies
873 460 887 484 ‚
927 424 1095 490 quibus
1133 423 1234 473 haec
1266 425 1331 473 illi

30 491 382 551 consultabant,
420 493 672 542 confilium
705 493 765 542 de
796 496 852 542 iis
883 492 1160 560 Carthagini
1194 507 1331 551 erat3

35 557 113 626 (9)
145 561 514 626 certabaturque
545 561 811 619 sententiis,
847 563 1003 609 utrum
1032 562 1078 608 in
1112 559 1331 609 auetores

31 630 215 677 tantum
252 628 494 678 seditionis
520 627 692 696 (erant
714 645 873 678 autem
899 631 945 677 hi
967 646 1172 677 numero
1204 627 1333 676 haud

34 693 282 763 plusquam
319 699 529 764 quinque
578 698 630 746 ὃς
666 696 896 764 triginta)
931 696 1337 745 animadvertere-

33 778 139 821 tur,
180 782 237 812 an
261 764 467 830 plurium
501 764 732 831 supplicio
766 766 1053 813 vindicanda
1088 780 1185 813 tam
1215 763 1336 812 foedi

36 833 247 898 exempli
287 830 495 880 defeffio
533 834 719 898 magis,
767 833 911 898 quem
953 831 1125 882 seditio
1150 870 1164 893 ,
1205 831 1336 883 esset.

35 897 169 948 Vicit
225 899 452 949 sententia
500 901 685 957 lenior,
740 914 823 960 et,
874 901 999 949 unde
1044 916 1149 948 orta
1199 900 1339 965 culpa

38 964 153 1015 esset
185 1002 199 1023 ,
248 969 314 1015 ibi
350 985 492 1034 poena
527 967 837 1017 consisteret:
882 967 941 1015 ad
981 968 1339 1017 multitudinem

36 1033 397 1102 castigationem
435 1035 540 1083 satis
581 1034 689 1084 esse.
736 1034 955 1084 Confilio
996 1035 1219 1094 dimisso,
1261 1035 1344 1102 (r)

37 1118 89 1151 ut
117 1103 166 1150 id
199 1103 351 1151 aslum
383 1103 654 1160 videretur,
678 1105 922 1167 expeditio
947 1105 1177 1153 adversiis
1200 1103 1346 1152 Man-

39 1169 239 1220 donium
292 1171 641 1236 Indibilemque
697 1171 902 1220 edicitur
946 1174 1210 1231 exercitui,
1255 1172 1340 1238 qui

40 1235 329 1305 Carthagine
359 1254 459 1288 erat
478 1276 492 1299 ,
533 1240 586 1289 &
622 1237 797 1287 cibaria
826 1239 1012 1289 dierum
1043 1239 1226 1306 aliquot
1251 1256 1343 1307 pa-

39 1323 142 1355 rare
175 1305 400 1371 jubentur
429 1325 440 1356 :
474 1307 674 1356 tribunis
722 1305 939 1373 septem,
981 1309 1063 1375 qui
1111 1309 1166 1358 &
1199 1323 1342 1356 antea

39 1372 302 1425 Sucronem
335 1375 393 1423 ad
426 1374 698 1424 leniendam
724 1373 1005 1425 seditionem
1036 1376 1186 1425 ierant
1206 1413 1221 1433 ,
1253 1375 1343 1424 ob·

41 1441 168 1492 viem
211 1443 437 1492 exercitui
486 1439 631 1492 miffis
662 1481 677 1502 ,
727 1444 871 1510 quina
915 1444 1112 1493 nomina
1162 1444 1341 1509 princi-

43 1527 159 1577 pum
196 1509 440 1560 seditionis
478 1512 602 1560 edita
637 1509 771 1570 sunt,
808 1525 859 1559 ut
897 1529 981 1561 eos
1013 1528 1100 1578 per
1135 1513 1341 1560 idoneos

41 1578 304 1637 homines,
351 1580 560 1645 benigno
617 1578 751 1627 vultu
794 1597 846 1628 ac
889 1579 1108 1629 sermone
1155 1582 1201 1627 in
1235 1578 1343 1627 hos-

79 1647 216 1695 itium
271 1648 498 1696 invitatos
533 1684 547 1707 ,
603 1645 877 1713 sopitosque
924 1650 1042 1696 vino
1091 1647 1348 1698 vincirent.

42 1663 194 1763 {laud
241 1714 408 1779 procul
451 1714 545 1778 jam
587 1713 874 1782 Carthagine
915 1716 1145 1776 aberant,
1192 1732 1342 1783 quum

48 1799 106 1832 ex
133 1783 288 1832 obviis
310 1782 385 1850 (2)
409 1783 621 1831 auditum
639 1822 649 1839 ‚
678 1783 875 1849 postero
901 1783 976 1832 die
994 1800 1188 1832 ornnem
1213 1800 1346 1832 exer-

47 1851 191 1900 citum
230 1869 338 1898 curn
382 1850 456 1899 M.
488 1850 648 1899 Silano
685 1853 733 1899 in
770 1851 1036 1900 Lacetanos
1071 1850 1342 1917 proficisci,

48 1935 144 1967 non
201 1934 334 1967 metu
381 1920 532 1968 modo
575 1921 741 1974 omni,
786 1922 864 1985 qui
906 1921 1074 1969 tacitus
1111 1917 1344 1968 infidebat

47 1988 250 2049 animis,
292 1986 513 2037 liberavit
553 2004 674 2047 eos,
716 1987 796 2036 sed
843 1988 1055 2038 letitiam
1097 1988 1345 2055 ingentem

112 2140 139 2182 9
183 2124 484 2178 Certabaturque
508 2123 668 2177 finten-
795 2140 820 2167 2
870 2126 1090 2168 Auditum.
1111 2155 1153 2167 Ν
1206 2125 1351 2166 [ihera-

54 2188 151 2239 tiis]
189 2187 249 2226 Ita
276 2187 412 2240 scripti
457 2186 498 2226 ὅ(
537 2187 668 2235 editi3
733 2189 868 2229 vit...
902 2186 1038 2243 ficit]
1074 2190 1264 2227 Auditum
1297 2186 1353 2227 est

53 2248 212 2300 vulgati
227 2258 359 2287 autem
385 2247 668 2302 certabantque.
734 2248 776 2288 in
806 2249 919 2289 reRO
949 2249 1039 2289 casu
1058 2280 1071 2296 ,
1104 2249 1145 2289 δε
1175 2250 1356 2289 refertur

122 2324 134 2351 1
167 2308 222 2348 Ut
244 2311 287 2347 id
302 2309 424 2348 affum
453 2312 669 2358 videretur,
731 2309 780 2349 ad
809 2311 934 2350 verba
969 2310 1179 2363 sequentia
1209 2309 1352 2348 libera-

54 2371 280 2426 expeditio]
301 2370 483 2410 Edicitur
500 2372 670 2423 expedi-
732 2373 791 2410 vit
805 2404 814 2414 .
830 2401 841 2414 .
854 2401 864 2411 .
878 2372 994 2424 fecit.
1012 2373 1195 2412 Nuncius
1211 2385 1262 2411 ex
1280 2373 1356 2412 ob·

54 2433 112 2473 tio
129 2431 322 2472 adverscis
342 2432 609 2473 Mandonium
632 2433 672 2473 ὅ(
735 2433 810 2472 viis
871 2444 1063 2486 acceptus
1099 2464 1111 2483 ,
1161 2446 1310 2485 nempe
1337 2441 1354 2482 ‘‚

28 2495 289 2543 'Indibilem‚
313 2504 355 2533 ut
387 2495 435 2533 de
468 2508 513 2533 ea
542 2508 586 2533 re
609 2509 672 2534 ac·
737 2496 967 2534 exercitum
995 2508 1156 2533 omnem
1190 2494 1355 2546 postero

54 2564 137 2595 tum
160 2554 238 2595 effe
256 2555 467 2595 videretur
485 2556 524 2594 in
544 2555 672 2596 consl-
735 2556 799 2596 die
816 2555 1016 2608 proficisci
1031 2587 1041 2605 ,
1061 2569 1147 2594 non
1165 2554 1357 2596 liberavit

56 2618 111 2657 lio
134 2649 144 2668 ‚
174 2632 255 2656 non
276 2617 325 2658 de
353 2617 555 2659 seditione
588 2618 669 2661 Su·
735 2615 857 2656 modo
892 2630 964 2656 eos
989 2616 1095 2656 omni
1121 2625 1258 2666 metu,
1285 2617 1359 2658 sed

55 2677 251 2720 cronensi.
736 2678 778 2721 δι
796 2679 977 2719 laetitiam
1005 2679 1215 2735 i21gentem
1241 2677 1360 2722 fecit.
1419 2724 1424 2729 ,
