1649 3104
71 258 146 300 ιζ,

285 110 403 189 348
700 105 1186 176 T.L1vr1

71 200 261 258 U.c.549.
283 223 408 258 terra
439 211 690 277 campestri
725 232 837 282 agro
869 217 916 263 in
951 216 1197 281 ingentem
1234 213 1393 263 finum·
1418 211 1589 263 conset

151 273 367 325 ⁴²⁶3·dit.
416 277 685 330 Consulum
733 286 867 331 alteri
908 286 1106 349 primam
1160 282 1365 331 hostia-m
1409 284 1591 329 immo--

284 345 432 407 lami,
477 347 582 417 (6)
617 367 759 416 caput
795 352 1021 416 jecinoris
1054 351 1222 400 defu-it.
1259 351 1327 399 Ea
1364 349 1603 416 prodigia.

285 412 552 479 majoribus
597 418 757 467 hostiis
807 433 1104 483 procurata:
1150 420 1265 467 editi
1308 436 1335 468 a
1371 417 1583 484 collegio

283 482 574 548 pontificum
612 488 678 534 dii
714 488 885 551 quibus
921 484 1279 537 sacrifi-caretur.

354 549 457 600 III.
500 552 561 602 Iis
606 553 878 610 transaffis,
922 554 1139 602 consules
1182 552 1505 621 praetoresque
1533 553 1588 601 in:

276 621 550 685 provincias
578 621 809 688 profesti:
844 624 1070 673 omnib-us
1098 638 1287 681 tamen,
1314 622 1446 671 velut
1473 637 1583 668 eam

284 685 496 748 sortitis,
535 690 714 738 Africae
754 709 866 738 cura
906 707 1039 752 erat3
1083 689 1163 739 seu
1208 692 1316 757 quia
1357 691 1422 739 ibi
1459 688 1587 737 surn-

283 772 415 804 mam
465 776 625 807 rerum
665 758 876 826 bellique
915 762 1039 808 verti
1086 761 1381 817 cernebant,
1417 757 1495 806 seu
1529 770 1585 806 ut

279 821 497 890 Scipioni
543 824 950 894 gratificarentur,
999 829 1047 875 in
1093 845 1237 894 quem
1275 844 1376 874 tum
1423 826 1591 875 omnis·

278 893 414 942 versa
447 896 611 943 civitas
648 910 763 943 erat,
803 894 970 962 Itaque
1004 914 1100 944 non
1135 913 1194 944 ex
1229 893 1441 943 Sardinia
1478 908 1609 941 tan-⁴

279 963 382 1010 tum
439 961 599 1027 (ficut
650 964 757 1011 ante
814 963 992 1012 di&um
1038 962 1146 1028 est)
1177 962 1276 1025 sed
1320 980 1379 1011 ex
1425 960 1587 1010 Sicilia—

279 1046 479 1096 quoque
528 1032 581 1079 &
622 1030 851 1096 Hispania
896 1031 1214 1088 vestimenta,
1262 1029 1583 1078 frumentum-

282 1114 416 1163 que,
441 1100 493 1148 ὅ(
525 1117 654 1147 arma
684 1102 827 1148 etiam
857 1117 916 1147 ex
948 1099 1105 1148 Sicilia
1126 1138 1138 1152 ,
1168 1100 1221 1149 ὃς
1249 1117 1395 1148 omne
1431 1114 1590 1166 genus-

182 1171 264 1213 Res
285 1183 587 1215 commeatus
632 1169 691 1216 eo
739 1169 1065 1234 portabantur.
1121 1166 1228 1215 Nec
1267 1168 1432 1233 Scipio
1479 1167 1583 1215 ullo

69 1235 180 1293 33⁶stae
223 1238 510 1300 intempore
557 1236 729 1284 hiemis
775 1237 890 1285 belli
943 1254 1095 1302 opera
1139 1235 1422 1293 remiserat,
1473 1252 1581 1300 quae

72 1298 230 1352 Africa.
284 1303 433 1351 multa
477 1302 613 1352 simul
655 1304 868 1370 undique
911 1322 1022 1354 eum
1060 1303 1439 1352 circumstabant.
1473 1302 1585 1352 Uti-

283 1389 390 1421 cam
422 1371 673 1421 obfidebat
708 1391 717 1420 :
753 1372 903 1422 castra-
933 1375 982 1421 in
1016 1371 1271 1439 conspectu
1301 1371 1586 1421 Asdrubalis

284 1455 438 1489 erant.
474 1439 890 1508 Carthaginienses
923 1442 1220 1490 deduxerant
1251 1458 1399 1490 naves
1427 1457 1435 1487 :
1465 1439 1588 1489 clas-

283 1506 382 1556 sem
420 1525 628 1574 paratam
670 1509 1035 1577 insti-usiamque
1068 1511 1127 1558 ad
1171 1524 1471 1559 commeatus
1507 1510 1582 1557 in-

280 1578 609 1644 tercipiendos
652 1579 909 1629 habebant.
951 1579 1079 1628 Inter
1115 1578 1249 1639 haec,
1293 1596 1353 1627 ne
1397 1576 1585 1644 Sypha-

280 1648 349 1693 cis
385 1648 582 1713 quidem
616 1648 960 1696 reconciliandi
997 1665 1156 1696 curam
1197 1665 1257 1695 ex
1292 1648 1451 1695 animo
1488 1647 1579 1695 rni-

275 1712 428 1774 serat3
470 1713 504 1762 fi
540 1713 664 1764 forte
703 1714 798 1779 jam
843 1716 975 1765 satias
1020 1718 1195 1764 amoris
1238 1717 1285 1762 in
1329 1731 1479 1763 uxore
1519 1731 1581 1762 ex

275 1783 429 1831 multa
465 1785 604 1848 copia
639 1783 848 1850 cepisset.
885 1785 964 1834 Ab
1000 1783 1226 1849 Syphace
1263 1786 1412 1850 magis
1449 1783 1580 1847 pacis

275 1867 387 1899 cum
423 1850 890 1918 Carthaginiensibus
929 1855 1268 1911 conditiones,
1308 1867 1358 1900 ut
1394 1851 1581 1900 Roma-

275 1921 325 1966 ni
365 1918 564 1979 Africa,
605 1921 737 1970 Poeni
782 1920 916 1970 Itali&⁴
956 1922 1282 1981 excederent,
1330 1918 1503 1986 quam,
1541 1917 1579 1968 fi

275 1986 577 2047 bellaretur,
632 1988 737 2056 spes
784 1990 879 2038 ulla·
932 1990 1222 2040 desciturum
1275 1987 1584 2039 afferebatur.

278 2056 403 2105 Haec
452 2074 538 2123 per
580 2060 781 2107 nuncios
833 2061 981 2124 magis
1030 2059 1258 2124 equidem
1296 2057 1392 2106 asia
1431 2057 1584 2105 credi-

281 2125 438 2174 derim
478 2126 564 2190 (&
596 2129 657 2174 ita
689 2146 794 2193 pass
826 2126 978 2192 major
1004 2128 1217 2175 auf-[ores
1254 2124 1402 2191 sunt)
1434 2125 1580 2192 quam

277 2193 432 2261 ipsum
472 2193 781 2260 Syphacem,
820 2212 869 2245 ut
911 2197 1080 2246 Antias
1123 2195 1341 2244 Valerius
1385 2196 1580 2259 prodit,

274 2264 324 2311 in
371 2263 516 2329 castra
562 2264 708 2313 Rom.
766 2266 825 2313 ad
883 2266 1182 2332 colloquium
1229 2262 1426 2312 venisse.
1477 2263 1582 2311 Pri-

274 2334 358 2382 mo
404 2350 481 2381 eas
530 2334 833 2391 conditiones
877 2335 1139 2401 imperator
1181 2333 1326 2383 Rom.
1379 2333 1459 2381 vix
1500 2349 1580 2380 au-

273 2406 405 2454 ribus
461 2404 699 2452 admisit:
763 2402 925 2467 postea
965 2441 979 2463 ‚
1031 2417 1082 2451 ut
1130 2401 1264 2452 causa
1316 2399 1576 2467 probabilis

271 2473 366 2524 suis
401 2473 708 2524 commeandi
752 2471 879 2521 foret
913 2474 960 2521 in
996 2471 1142 2521 castra
1178 2469 1422 2532 hostium,
1450 2468 1578 2517 mol-

329 2613 357 2654 6
392 2615 519 2668 Caput
541 2612 759 2668 jecinoris]
786 2613 890 2653 For·
956 2611 996 2652 ἃ
1010 2625 1194 2654 convexa
1216 2609 1295 2660 est,
1315 2609 1356 2653 ὃ(
1371 2606 1576 2664 angustior

263 2673 361 2717 taffe
384 2676 533 2719 summa
554 2677 641 2734 ejus
661 2691 778 2732 pars,
800 2690 887 2731 quae
955 2673 1106 2717 infima.
