1649 3104
375 99 1106 162 L1BERXXVI.
1316 116 1383 184 55

88 197 156 249 lut
185 198 261 267 (9)
298 201 400 249 dedi
428 219 558 249 noxae
594 201 793 249 inimico.
848 200 939 248 Hae
970 194 1235 249 Siculorum
1270 217 1387 268 que·
1405 195 1600 245 U.c.542.

87 268 200 316 relae
232 304 250 324 ,
301 268 476 317 domos
516 269 724 335 primum
774 267 1009 316 nobilium
1047 269 1336 316 circumlatae
1370 251 1602 328 ‚³·C·²²⁰·

87 335 436 402 celebrataeque
470 334 799 392 sermonibus,
832 352 958 401 quos
993 336 1167 400 partim
1214 335 1390 384 miseri·

86 402 251 451 cordia
275 401 544 452 Siculorum
567 440 581 463 ,
616 404 787 469 partim
820 402 998 451 invidia
1014 400 1237 450 Marcelli
1256 406 1392 450 exci-

86 470 216 518 tabat
238 508 263 529 ,,
285 472 332 517 in
366 471 578 520 senatum
621 468 762 519 etiam
802 484 1143 536 pervenerunt.
1177 467 1389 518 Postula-

86 551 191 584 tum
218 555 244 585 a
279 537 547 587 consulibus
584 537 649 586 est
674 575 687 597 ,
734 552 784 585 ut
813 538 872 586 de
906 536 1233 604 permutandis
1266 554 1386 603 pro-

33 610 39 611 ’
84 607 256 653 vinciis
287 604 498 654 senatum
536 604 852 654 consulerent.
885 605 1176 661 Marcellus,
1207 604 1254 668 st
1280 602 1383 669 jam
1423 611 1595 654 Mutan-

84 674 235 721 auditi
254 674 311 721 ab
331 673 496 736 senatu
513 673 660 721 Siculi
692 672 821 738 efflat
841 711 855 733 ,
894 675 1035 721 aliam
1055 671 1460 738 fhrfitanfictu·tur
1498 690 1595 728 pro-⁵

82 759 177 788 ram
191 739 328 805 fuiff}
343 741 615 805 sententiam
634 739 768 805 suam
789 776 804 799 ,
844 740 1005 789 dicere
1028 759 1039 788 z
1072 758 1193 789 nunc
1212 759 1266 789 ne
1281 742 1379 805 quis
1405 739 1554 778 vincite.

85 810 238 856 timore
259 807 434 872 frenari
473 828 548 857 eos
579 810 716 856 dicere
760 807 938 873 postet,
977 809 1216 873 quominus
1249 809 1301 856 de
1335 828 1385 858 eo

84 874 218 923 libere
236 891 475 940 querantur
493 915 506 936 ‚
535 878 582 924 in
599 874 728 940 cujus
746 879 960 943 potestate
988 874 1389 941 moxfhturifin23

70 945 119 1008 fi
144 944 319 1009 collegae
353 943 478 992 nilzil
503 947 664 1007 interfit
687 982 700 1001 ‚
735 959 903 993 mutare
921 945 969 1010 se
989 946 1273 1010 provinciam
1298 962 1393 1010 pa·-

82 1025 226 1059 ratum
257 1012 352 1076 ὥς.
406 1011 485 1077 (1)
529 1013 773 1076 Deprecari
812 1013 1001 1075 [enanis
1036 1009 1391 1078 praejudicium:

82 1095 190 1127 nam
221 1099 354 1144 quum
386 1095 510 1127 extra
532 1079 692 1142 sortem
718 1079 896 1147 collegae
920 1080 1144 1146 optionem
1169 1081 1269 1129 dari
1282 1099 1391 1146 pro-

81 1148 247 1197 vinciae
277 1149 482 1211 iniquum
504 1147 647 1211 fixerit
667 1184 679 1206 ,
717 1163 885 1213 quanto
917 1146 1126 1216 majorem
1165 1147 1243 1214 (2)
1266 1147 1393 1215 infit-⁵

81 1214 228 1274 riam,
264 1216 358 1263 imo
386 1215 702 1264 contumeliam
726 1213 807 1280 effe
827 1254 840 1278 ‚
863 1213 1022 1279 sortem
1046 1215 1182 1281 suam
1210 1217 1389 1265 adeum

79 1280 308 1348 transferri
329 1287 357 1334 ?
407 1282 478 1332 Ita
497 1281 684 1332 senatus
709 1318 722 1341 ,
748 1300 897 1350 quum
921 1284 1038 1351 quid
1062 1284 1277 1349 placeret
1293 1301 1393 1333 ma·

79 1352 153 1429 εἰς
175 1347 451 1400 ostendisset
474 1389 488 1409 ,
509 1348 653 1419 quam
674 1349 937 1411 decress'et,
961 1351 1243 1401 dimittitur.-
1266 1352 1391 1402 inter

77 1416 210 1484 apsos
260 1416 483 1468 consules
537 1420 826 1486 permutatio
873 1421 1231 1487 provinciarum
1257 1455 1276 1477 ,
1312 1437 1391 1467 ra-

75 1486 241 1554 piente
287 1484 389 1540 fato
443 1485 731 1537 Marcellum
779 1488 840 1536 ad
879 1487 1175 1537 Annibalem
1202 1523 1217 1546 ‚
1267 1484 1390 1536 faeta

77 1551 181 1605 est:
215 1567 269 1603 ut
291 1591 308 1617 ,
345 1571 404 1603 ex
426 1572 524 1622 quo
543 1556 724 1623 primus
745 1555 955 1606 adversae
984 1573 1154 1623 pugnae
1182 1553 1388 1622 gloriam

77 1635 306 1689 ceperat,
346 1623 395 1672 in
436 1621 538 1688 ejus
589 1624 780 1673 laudem
821 1623 1094 1690 postremus
1133 1622 1389 1672 Romano-

75 1706 189 1756 rum
218 1691 593 1757 imperatorum,
628 1690 867 1759 prosperis
904 1707 1007 1743 tum
1031 1690 1239 1743 maxime
1275 1690 1383 1743 bel-

75 1757 183 1810 licis
214 1758 354 1807 rebus
377 1795 390 1817 ‚
423 1759 633 1810 caderet.

143 1825 305 1875 XXX.
334 1825 617 1876 Permutatis
648 1828 908 1893 provinciis
927 1866 938 1885 ,
983 1824 1130 1876 Siculi
1160 1826 1208 1874 in
1239 1825 1376 1877 sena-
1423 1843 1588 1892 Siculo-

73 1907 178 1944 turn
218 1894 477 1944 introduffi
501 1933 516 1956 ,
559 1896 708 1944 multa
754 1896 1080 1944 de‘Hieronis
1119 1896 1244 1962 regis
1274 1894 1371 1946 fide
1391 1925 1474 1951 rum
1500 1928 1586 1952 οηι.

73 1977 308 2030 perpetua
340 1979 453 2031 erga
484 1963 721 2031 populum
749 1963 894 2015 Rom.
927 1964 1079 2013 verba
1118 1961 1338 2014 fecerunt
1358 1975 1451 2028 ‚tio
1483 1975 1525 2012 in

1391 2033 1570 2076 Marcel-

137 2108 164 2149 9
196 2093 307 2134 Dedi
335 2095 488 2148 ποκα]
540 2093 651 2135 Dedi
680 2126 693 2147 ,
754 2108 843 2135 rum
892 2093 1173 2149 praejudicium
1208 2094 1376 2149 aliquod
1390 2095 1488 2138 lum«

73 2155 192 2195 velut
208 2157 260 2195 ob
277 2169 423 2195 noxam
446 2186 458 2206 ‚
476 2156 523 2197 ad
537 2156 692 2210 suppli·
755 2156 845 2196 fieri
885 2156 1111 2197 videretur.
1159 2155 1229 2197 De
1266 2171 1373 2199 voce

74 2216 199 2256 cium.
226 2215 351 2257 Noxa
375 2217 522 2259 dicitur
545 2217 692 2260 &cul-
750 2217 1018 2273 praejudicium
1044 2217 1129 2262 vid.
1144 2225 1236 2261 not.
1252 2231 1298 2271 4.
1324 2220 1373 2261 ad

74 2292 127 2332 pa
146 2307 159 2324 ,
191 2277 233 2318 ὃ(
252 2292 389 2331 poena.
754 2281 784 2323 l.
805 2278 876 2320 111.
898 2294 932 2320 c.
950 2293 1026 2331 40.

139 2351 156 2380 1
177 2339 393 2393 Deprecari
414 2339 577 2392 senattis
589 2355 691 2395 prae-
817 2354 842 2381 2
868 2340 1057 2394 lnjuriam
1078 2372 1090 2392 ,
1127 2344 1207 2381 imo
1238 2354 1377 2380 contu-

63 2398 284 2454 judicium}
308 2399 468 2441 Precari
485 2414 537 2443 ne
549 2402 695 2445 decre-
753 2402 909 2442 melium
930 2405 948 2458 ]
972 2401 1122 2453 Iniuria
1143 2401 1198 2442 est
1214 2402 1253 2442 id
1263 2403 1371 2456 quod

72 2471 158 2502 tum
200 2462 362 2503 senatus
404 2463 692 2518 interponatur
753 2462 801 2505 fit
829 2473 972 2505 contra
1009 2463 1072 2519 jus
1100 2496 1110 2515 ,
1152 2461 1325 2516 injustice
1356 2481 1371 2513 ς

68 2523 121 2569 de
140 2524 412 2577 permutandis
442 2525 690 2578 provinciis,
751 2527 989 2566 contumelia
1044 2525 1214 2569 denotat
1267 2539 1386 2582 pro-¹.

69 2598 154 2639 quo
195 2586 364 2627 decreto
404 2585 455 2626 de
500 2586 568 2627 sua
608 2586 690 2641 jam
751 2589 894 2639 hrum,
920 2585 1082 2641 afflant.

67 2646 190 2694 causa
219 2646 476 2704 querelisque
523 2648 687 2692 Siculo·
995 2702 1041 2757 C

1074 2723 1123 2759 IV
