1649 3104
332 110 690 169 L1BER
771 109 1064 169 XXVI.
1271 115 1348 191 5r‘

45 201 415 274 Comprehensa
437 205 607 274 postea
627 206 812 273 privata
829 204 1031 256 aedificia
1053 226 1067 258 ι
1094 205 1166 274 (8
1185 224 1343 276 neque
1363 206 1559 259 U-e-542·

45 277 177 325 enim
200 290 302 325 tum
332 275 537 325 bafilicae
565 272 733 340 erant)
767 274 1124 342 comprehensae
1149 276 1228 342 (9)
1248 278 1346 326 lau·
1364 265 1560 313 ³·C·2¹0·

45 344 239 402 tumiae,
273 343 530 412 forumque
573 341 874 409 piscatorium
907 380 919 400 ‚
963 344 1016 393 δι
1055 341 1133 410 (1)
1174 345 1349 393 atrium

48 413 251 478 regium.
300 412 453 462 AEdes
483 410 644 462 Vestae
669 412 752 461 vix
783 408 978 459 defensa
1005 409 1072 460 est
1110 410 1354 461 tredecim

46 480 258 529 maxime
287 479 537 531 servorum
573 479 755 545 opera,
795 479 877 546 qui
910 477 988 545 (2)
1016 480 1065 527 in
1101 478 1354 544 publicum

18 547 361 615 >redemptiac
381 545 647 598 manumiffi
677 546 781 594 sunt
814 563 825 594 ε
864 545 1005 594 nocie
1036 564 1093 595 ac
1123 547 1200 594 die
1235 565 1360 595 con-

47 616 283 664 tinuatum
318 617 594 668 incendium
617 615 721 664 fuit.
748 613 858 663 Nec
889 614 972 663 ulli
995 614 1192 663 dubium
1221 628 1358 673 erat,

44 682 260 734 humana
293 685 344 733 id
375 684 543 734 fraude
586 683 762 732 facium
795 680 888 732 esse
910 719 929 741 ,
974 682 1106 749 quod
1142 683 1366 748 plurimis

51 749 190 799 simul
223 753 342 802 locis
362 789 376 813 ‚
415 752 541 802 &iis
562 749 763 801 diversis
786 786 801 809 ‚
830 752 966 817 ignes
998 752 1156 799 coorti
1191 748 1364 800 essent.

49 816 219 886 Itaque
241 819 407 869 consul
426 837 487 870 ex
508 820 786 868 auctoritate
809 817 993 868 senatus
1009 836 1098 883 pro
1118 819 1364 868 concione

46 886 228 944 edixit,
256 889 371 956 qui,
395 905 602 954 quorum
639 886 788 953 opera
816 886 866 936 id
898 886 1163 935 conflatum
1196 887 1362 935 incen-

47 953 180 1003 dium
203 991 217 1015 ‚
244 954 556 1022 profiteretur
577 991 592 1016 ‚
627 956 883 1021 praemium
915 953 1021 1003 fore
1039 993 1053 1015 ‚
1086 955 1240 1003 libero
1263 971 1356 1020 pe-

45 1024 240 1071 cuniam
261 1061 278 1082 ,
300 1023 441 1073 servo
467 1024 755 1073 libertatem.
795 1020 871 1071 Eo
899 1024 1101 1088 praemio
1132 1022 1354 1072 indufius

49 1087 413 1158 Campanorum
449 1090 767 1142 Calaviorum
807 1090 974 1140 servus
1013 1089 1270 1157 (Mannus
1305 1092 1349 1140 ei
1394 1104 1569 1161 camp&

46 1174 230 1208 nomen
254 1174 354 1209 erat
385 1159 408 1227 )
460 1160 694 1210 indicavit
725 1195 742 1220 ‚
785 1159 991 1209 dominos
1014 1194 1029 1217 ‚
1071 1159 1116 1208 ἑ»
1154 1161 1349 1225 quinque
1367 1181 1504 1207 norum

41 1242 247 1291 praeterea
260 1225 458 1294 juvenes
476 1229 649 1277 nobiles
667 1228 954 1294 Campanos,
987 1244 1168 1293 quorum
1187 1227 1507 1294 paren-fhwde

46 1310 113 1343 tes
136 1314 164 1343 a
185 1299 244 1362 Q.
266 1297 430 1345 Fulvio
450 1296 597 1358 ficari
627 1296 813 1362 percuffi
834 1311 958 1344 erant
973 1332 991 1353 ,
1015 1296 1068 1343 id
1096 1296 1351 1344 incendium
1370 1302 1516 1337 mmm·

36 1360 193 1430 ftcff
213 1382 231 1422 ‚·
256 1365 478 1430 vulgoque
497 1363 705 1430 faHuros
729 1365 829 1412 alia
848 1400 861 1422 ,
895 1364 944 1410 ni
972 1363 1354 1429 comprehendan-

50 1446 134 1480 tur.
179 1430 534 1500 Comprehenfi
569 1431 656 1500 ipsi
679 1470 692 1492 ,
728 1431 1017 1498 familiaeque
1054 1448 1242 1480 eorum.
1291 1430 1357 1481 Et

50 1499 212 1566 primo
236 1501 513 1550 elevabatur
535 1501 680 1551 index
703 1501 1029 1566 indiciumque
1056 1516 1065 1547 τ
1089 1500 1237 1564 pridie
1258 1517 1360 1548 eum

51 1569 303 1617 verberibus
333 1571 594 1635 castigatum
627 1570 685 1616 ab
720 1569 916 1616 dominis
953 1566 1175 1632 disceffiffi
1207 1585 1228 1627 ‚·
1275 1585 1361 1633 pet·

52 1635 164 1683 iram
184 1655 240 1684 ac
262 1638 490 1685 levitatem
511 1656 567 1685 ex
588 1656 630 1685 re
645 1635 843 1702 fhrtuita
865 1637 1025 1684 crimen
1046 1650 1360 1688 commentum.

52 1702 282 1752 Ceterum
314 1719 364 1754 ut
395 1722 559 1753 coram
599 1704 979 1770 coarguebantur
1007 1740 1022 1761 ‚
1077 1703 1129 1753 ὅ(
1159 1701 1362 1769 quaestio

55 1788 114 1822 ex
147 1771 367 1822 ministris
400 1772 623 1822 facinoris
663 1771 771 1821 foro
805 1772 971 1821 medio
1005 1769 1171 1820 haberi
1199 1785 1361 1838 coepta

115 1903 139 1946 8
171 1903 307 1958 Neque
326 1906 424 1944 enim
442 1917 520 1943 tum
536 1902 671 1957 basili-

51 1979 103 2006 cae
124 1978 232 2006 erant
257 1968 273 2020 ]
310 1964 555 2006 BASILICAE
579 1966 670 2007 sunt

49 2028 212 2081 publica
233 2026 424 2075 aedificia,
455 2028 496 2068 in
525 2028 670 2083 quibus

51 2088 264 2130 senatores
278 2090 507 2131 deliberare
530 2120 540 2140 ,
565 2089 671 2143 judi-

52 2162 122 2192 ces
135 2150 673 2207 causascognoscere,clien·

54 2213 164 2253 tibus
176 2213 360 2253 homines
375 2214 497 2268 periti
515 2213 668 2265 dejure
700 2247 710 2265 ,

51 2273 304 2327 respondere
319 2274 518 2316 solebant.
553 2275 667 2316 Mer-

53 2346 217 2377 catores
244 2336 394 2377 ibidem
418 2337 460 2378 &
485 2351 671 2378 nummu-

52 2398 142 2440 larii
159 2398 227 2438 sua
241 2398 467 2439 traetabant
488 2398 670 2453 negotia.

115 2475 141 2516 9
160 2458 378 2500 Lautumiae
390 2462 407 2514 J
421 2458 590 2512 Proprie
612 2462 670 2500 10-

53 2534 123 2574 ca,
143 2535 196 2563 ex
206 2524 352 2577 quibus
373 2520 491 2562 excisi
506 2521 595 2561 sunt
608 2523 668 2561 la-

52 2584 169 2640 pides
182 2616 193 2634 ,
211 2598 233 2624 a
245 2591 314 2633 λὶς
341 2582 440 2637 lapis
452 2614 463 2633 ,
483 2583 525 2624 δι
543 2580 669 2633 ‘raum

45 2646 177 2695 caedo.
191 2645 257 2688 Sic
267 2645 491 2688 vocabatur
502 2654 605 2686 unus
619 2653 671 2681 ex

732 1901 965 1944 carceribus
997 1902 1110 1943 urbis
1126 1933 1138 1954 ‚
1174 1899 1285 1957 quod
1315 1901 1359 1945 in

734 1979 786 2006 eo
806 1966 1002 2006 videlicet
1020 1964 1247 2019 lapidicinae
1264 1963 1357 2006 fue-

732 2037 839 2069 rant.

800 2102 816 2129 1
835 2089 991 2128 Atrium
1004 2088 1173 2143 regium]
1192 2086 1357 2130 Atrium

732 2151 890 2206 regium
901 2151 1042 2190 Numae
1054 2149 1259 2204 Pompilii.
1278 2149 1360 2189 Re·

734 2214 797 2267 gia
818 2213 960 2252 Numae
977 2221 1066 2252 erat
1083 2225 1214 2265 prope
1227 2211 1358 2253 aedem

732 2273 868 2317 Vestae
883 2305 895 2325 ‚
916 2273 979 2329 cuj
988 2288 1032 2315 us
1053 2273 1158 2315 infra
1171 2273 1218 2314 fit
1235 2286 1357 2314 men-

733 2335 810 2377 tio.

796 2410 822 2439 2
843 2396 892 2437 In
914 2395 1114 2452 publicum
1134 2395 1355 2451 redempti}

731 2457 951 2512 Redempti
971 2491 981 2509 ,
1016 2469 1061 2498 ut
1084 2459 1124 2497 in
1147 2456 1354 2511 potestate

731 2521 899 2575 populi,
915 2534 997 2560 non
1011 2519 1260 2572 privatorum
1277 2519 1354 2559 do-

733 2575 935 2622 minorum
957 2579 1087 2619 essent
1103 2610 1115 2630 ,
1137 2594 1182 2622 ac
1210 2580 1350 2636 postea

731 2640 965 2685 manumissi.

973 2696 1083 2766 Cij
