1649 3104
377 113 734 176 LGan
817 115 1063 177 XXX
1247 127 1360 193 413

73 209 265 265 faceret
297 214 488 266 Gratias
526 214 702 264 deinde
739 214 949 264 Patribus
989 223 1130 282 egere
1170 210 1436 261 Cartha-u.
1444 219 1580 262 c..·551

74 282 343 349 ginienses,
381 286 752 350 petieruntque,
783 297 834 331 ut
876 283 959 330 fibi
1005 286 1051 331 in
1093 281 1261 329 urbem
1304 282 1372 328 in·
1390 269 1580 313 &020¹-

73 353 224 400 troire
249 388 266 410 ,
301 353 354 401 ὅ(
392 352 606 417 colloqui
650 368 759 399 cum
797 350 983 400 civibus
1035 349 1124 398 suis
1166 348 1371 405 liceret,

76 419 157 483 qui
189 421 312 486 capti
341 420 388 466 in
422 420 613 486 publica
642 417 856 466 custodia
891 416 1075 466 essent:
1099 414 1257 481 Esse
1240 434 1287 463 in
1318 417 1376 463 iis

63 487 236 551 partim
277 488 544 552 propinquos
589 486 832 552 amicofique
872 485 980 550 suos
1007 520 1022 544 ,
1065 484 1232 532 nobiles
1285 485 1373 531 [ιο-

78 554 253 611 mines,
246 556 458 620 ·partim
478 590 493 612 ,
536 556 600 602 ad
638 571 746 618 quos
794 555 1005 602 mandata
1044 573 1074 600 a
1114 551 1377 617 propinquis

78 621 231 669 haber
218 636 295 670 nt
333 620 528 686 Quibus
568 623 820 670 conventis
845 659 860 682 ,
898 635 1047 699 qun-m
1088 618 1240 668 rursus
1285 635 1377 683 pe·-

78 701 271 746 terent‚
307 702 356 737 ut
389 687 472 736 fibi
510 706 631 762 qtuos
673 690 855 737 vellent
896 705 955 738 ex
997 689 1052 736 iis
1106 686 1379 736 redimendi

79 755 287 821 potestas
324 755 495 804 fieret·
472 792 499 815 ,
535 753 640 820 juffi
679 758 876 805 nomina
909 756 1084 804 edere.
1108 756 1196 813 ὃς,
1227 770 1379 819 quum

80 823 315 872 ducentos
356 820 508 871 ferme
535 774 785 879 ederent,
823 822 1276 872 senatusconsultum
1306 821 1379 868 fa-

82 890 208 939 Cium
243 889 342 949 est,
377 895 449 957 Ut·
469 890 604 957 legati
622 891 816 939 Romani
840 893 1045 939 ducentos
1069 908 1124 937 ex
1154 889 1347 954 captivis
1363 924 1379 948 ‚
1403 905 1406 908 ’

83 976 191 1022 quos
247 958 623 1024 Carthaginienses
676 959 837 1006 vellent
863 994 879 1015 ,
924 961 988 1006 ad
1031 960 1088 1006 P.
1135 957 1380 1006 Cornelium

85 1026 335 1092 Scipionem
367 1028 412 1073 in
444 1024 593 1090 Afric
594 1045 655 1073 zrn
690 1028 1003 1089 deportarent·
982 1063 1000 1084 ,
1043 1027 1188 1073 παπαὶ
1186 1038 1380 1088 zrentque

87 1112 124 1140 ez
150 1129 165 1149 ,
203 1109 290 1149 ut,
317 1096 365 1157 si
392 1112 491 1158 pax
529 1094 833 1158 convenisset,
860 1096 955 1158 sne
986 1093 1128 1159 pretio
1163 1110 1234 1139 eos
1270 1093 1382 1141 Car-

84 1162 421 1227 rhaginienstbus
463 1162 663 1209 redderet.
706 1161 919 1209 Feciales
964 1177 1112 1226 quum
1154 1161 1202 1208 in
1246 1158 1452 1208 Afri-Fe
1457 1160 1595 1203 cic-'les

84 1246 186 1275 carn
228 1228 286 1275 ad
318 1227 477 1275 foedus
511 1227 779 1277 feriendum
816 1231 882 1276 ire
913 1226 1230 1307 juberentur
1218 1265 1235 1287 ‚
1270 1225 1382 1292 ipsis

86 1294 431 1361 postulantibus
466 1333 481 1353 ,
517 1295 967 1346 senatusconsultum
1015 1299 1061 1343 in
1096 1296 1197 1344 haec
1233 1295 1383 1343 verba

86 1314 258 1411 fa&um
296 1362 394 1411 est:
427 1363 482 1429 (1
502 1362 521 1428 )
549 1367 616 1412 Ut
626 1381 782 1430 privos
813 1364 984 1429 lapides
1001 1365 1150 1428 filices
1169 1399 1184 1419 ,
1207 1361 1386 1427 privas

84 1449 165 1497 que
202 1432 409 1479 verbenas
443 1430 591 1495 secum
624 1431 821 1496 ferrent:
844 1433 910 1479 uti
946 1446 1111 1496 praetor
1145 1433 1274 1478 Rom.
1313 1432 1386 1478 lzis

86 1498 349 1564 imperaret,
391 1514 472 1556 ut,
492 1497 640 1564 soedus
665 1497 883 1564 ferirent,
916 1499 985 1547 illi
1010 1514 1238 1565 praetorem
1269 1497 1385 1564 fizg-

89 1569 208 1616 mina
246 1566 485 1633 poscerent
519 1566 700 1616 Herbae
741 1567 790 1615 id
830 1584 980 1634 genus
1019 1585 1079 1615 ex
1117 1584 1224 1615 arce
1259 1566 1389 1613 ium-

86 1650 227 1702 ptum
265 1635 362 1683 dari
395 1633 642 1684 fecialibus
677 1635 808 1685 solet.
842 1635 912 1684 Ita
939 1633 1109 1684 dimiffi
1140 1634 1198 1683 ab
1227 1633 1390 1683 Roma

87 1701 503 1769 Carthaginienses
535 1742 550 1764 ‚
592 1722 756 1771 quum
787 1707 833 1752 in
882 1703 1098 1752 Africam
1145 1701 1392 1753 venissent

89 1772 151 1819 ad
196 1770 509 1836 Scipionem,
555 1772 726 1838 quibus
773 1771 882 1820 ante
927 1772 1102 1820 diEtum
1148 1770 1216 1820 est
1264 1772 1390 1836 legi-

14 1862 26 1867 *
88 1839 179 1888 bus
212 1875 226 1898 ‚
277 1857 448 1905 pacem
508 1838 736 1888 fecerunt.
798 1839 963 1889 Naves
1017 1840 1228 1906 longas,
1287 1840 1394 1887 ele-

1439 1633 1552 1681 Pax}

1458 1858 1486 1899 I
1483 1872 1603 1899 neen-

87 1908 331 1973 phantos‚
361 1924 421 1971 pe
397 1905 615 1972 rfugas,
642 1907 906 1986 fugitivos,
940 1910 1246 1974 captivorum
1277 1921 1457 1976 qua-sae
1487 1935 1573 1973 500

91 1989 203 2022 tuor
249 1974 397 2023 millia
441 1976 784 2025 tradiderunt·
773 2011 787 2034 ,
832 1978 952 2024 inter
1003 1993 1125 2041 quos
1173 1974 1246 2039 Q.
1287 1973 1395 2023 Te·
1413 1997 1553 2025 naves.

93 2044 272 2091 rentius
319 2041 495 2090 Culleo
543 2042 729 2092 senator
777 2042 880 2092 fuit.
927 2042 1092 2092 Naves
1140 2041 1395 2107 prove&as

93 2111 144 2158 in
179 2111 324 2159 altum
355 2110 546 2157 incendi
576 2109 731 2175 juffit:
755 2113 1032 2176 quingentas
1062 2109 1204 2158 fuisse
1237 2112 1395 2158 omnis

96 2181 325 2244 generis,
373 2195 477 2243 quae
525 2181 665 2226 remis
719 2193 1008 2244 agerentur,
1053 2178 1246 2245 quidam
1300 2192 1397 2225 tra-

94 2247 245 2307 dunt3
284 2262 486 2312 quarum
529 2245 837 2313 conspeetum
878 2247 1078 2313 repente
1121 2246 1396 2294 incendium

164 2366 180 2393 1
223 2350 278 2390 Ut
300 2352 388 2403 prii
391 2365 435 2389 os
456 2349 608 2404 lapides
618 2348 712 2402 fili·
777 2349 933 2390 consul.
953 2348 1032 2390 Pro
1052 2349 1220 2390 vocibus
1241 2349 1395 2403 lapides

53 2459 64 2471 N
97 2430 161 2456 ces
180 2416 196 2468 ]
215 2413 258 2451 Id
280 2410 333 2452 est
351 2442 362 2461 ,
385 2411 560 2466 singulos
580 2411 619 2451 id
644 2425 715 2466 ge·
767 2410 902 2464 filices
919 2442 929 2461 ,
949 2410 1131 2451 verbenas
1150 2410 1357 2466 ‚sagmina
1380 2439 1393 2459 ,

99 2490 174 2519 nus
195 2473 348 2527 lapides
370 2504 380 2522 ,
407 2473 474 2527 qui
500 2472 629 2512 silices
651 2473 712 2512 di-
776 2473 871 2512 vide
899 2474 914 2513 1
936 2504 948 2523 ,
983 2486 1056 2523 24.
1085 2472 1194 2512 Infra
1213 2504 1224 2522 ‚
1255 2472 1287 2522 [ἰ
1312 2484 1394 2511 tum

100 2547 263 2578 cuntur.
291 2533 440 2574 Praetor
460 2533 577 2575 Rom.
605 2535 713 2574 anti-
777 2535 859 2588 ipfiz
890 2534 1082 2589 Carthago
1107 2535 1253 2572 arderet
1279 2547 1292 2574 .·
1316 2547 1397 2573 vo·-

100 2598 181 2654 que
205 2598 271 2638 hic
292 2595 439 2636 dicitur
462 2610 536 2649 pro
559 2595 713 2637 summo
778 2597 908 2635 culam
943 2608 1023 2635 tum
1062 2594 1307 2634 restituimus
1340 2609 1395 2635 ex

44 2653 55 2666 “
94 2658 330 2719 gnjagistratu
349 2688 361 2710 ,
398 2657 440 2702 ὅ(
471 2657 716 2718 intelligitur
777 2655 936 2713 scriptis
962 2657 1003 2700 ὃ(
1027 2656 1146 2696 editis
1172 2655 1395 2709 prioribuss

1075 2713 1106 2764 s
1144 2715 1198 2782 iij.
