1649 3104
265 136 380 180 110
674 116 1168 181 T.L1v11

48 217 430 280 U.c.543.ceteris
467 219 756 271 exercitibus
790 220 997 270 militum
1020 218 1370 287 „scripserunt
1406 219 1567 272 Urba&

46 281 237 336 ‘hc-209·
256 303 375 336 num
403 301 620 337 veterem
653 291 918 339 exercitum
951 289 1148 338 Fulvius
1170 288 1333 338 consul
1367 287 1425 339 C.
1450 291 1566 339 Ful·
1624 330 1648 343 .,

257 357 343 404 vio
373 355 547 405 Flacco
583 359 743 426 legato
774 357 959 424 (frater
992 358 1068 406 hic
1102 356 1306 405 consulis
1343 359 1482 423 erat)
1516 361 1567 408 in

261 422 498 472 Etruriam
527 426 659 475 dedit
691 425 998 486 ducendum,
1029 427 1079 476 ἃ
1109 426 1324 492 legiones
1343 462 1361 482 ,
1390 443 1496 491 quae
1517 428 1566 476 in

76 493 244 537 Exerci-
262 491 450 541 Etruria
483 509 620 543 erant
644 533 655 551 ,
689 495 898 543 Romam
929 495 1253 543 deducendas
1299 492 1359 542 Et
1393 493 1565 544 Fabius

45 568 111 595 ΠΜ
128 559 241 599 inSz'-
261 559 429 625 consul
471 563 692 629 reliquias
727 562 962 611 exercitiis
1011 563 1229 611 Fulviani
1275 561 1566 629 conquisitas

45 619 158 664 cilia.

260 629 282 694 (
306 629 440 678 fuere
459 645 619 679 autem
639 632 697 680 ad
722 634 810 679 tria
839 631 987 679 millia
1018 632 1221 680 trecenti
1242 631 1435 697 triginta
1455 629 1569 696 sex)

256 696 328 761 Q.
363 697 634 747 Maximum
667 699 819 747 filium
858 701 1036 748 ducere
1078 702 1126 748 in
1161 697 1366 747 Siciliam
1398 699 1459 747 ad
1493 699 1570 748 M.
1624 714 1639 717 ”

254 765 506 814 Valerium
545 768 884 834 proconsulem
915 766 1073 831 jussit,
1107 784 1249 834 atque
1279 767 1337 814 ab
1363 784 1422 815 eo
1447 766 1566 815 duas

255 834 473 901 legiones
491 837 542 884 ὃ(
559 838 748 903 triginta
767 840 1140 903 quinqueremes
1171 838 1407 900 accipere.
1430 833 1565 883 Nihil
1619 836 1646 863 '⁴‘

191 907 197 911 ’
254 903 327 951 hae
363 903 544 951 eduehe
588 922 648 953 ex
696 905 840 953 insula
879 904 1093 971 legiones
1130 906 1403 952 minuerunt
1428 942 1441 959 ,
1474 920 1567 952 nec

253 971 438 1021 viribus
468 990 555 1020 nec
587 971 745 1040 specie
766 1012 781 1031 ‚
814 973 914 1034 eius
953 976 1216 1038 provinciae
1257 970 1567 1039 praefidium:

255 1055 368 1087 nam
407 1057 556 1105 quum
585 1058 757 1108 praeter
791 1043 982 1108 egregie
1018 1041 1258 1107 suppletas
1292 1040 1409 1088 duas
1433 1054 1570 1089 vete-

257 1124 333 1155 res
368 1107 582 1174 legiones
607 1149 620 1167 ,
667 1109 1014 1177 transfugarum
1061 1112 1205 1157 etiam
1243 1107 1570 1158 Numidarum

257 1177 478 1242 equitum
527 1177 843 1245 peditumque
888 1195 1111 1244 magnam
1159 1180 1261 1227 vim
1313 1176 1511 1225 haberet
1549 1212 1570 1235 ,

257 1242 447 1292 Siculos
495 1263 689 1312 quoque
734 1249 815 1314 qui
860 1248 906 1294 in
954 1247 1167 1294 exercitu
1214 1243 1449 1312 Epicydis
1489 1259 1571 1294 aut

256 1311 520 1361 Poenorum
558 1313 776 1372 fuerant,
803 1316 919 1363 belli
960 1316 1143 1381 peritos
1182 1315 1316 1361 viros
1340 1350 1357 1373 ,
1393 1312 1570 1361 milites

257 1379 453 1447 scripsit,
492 1381 559 1430 Ea
586 1400 781 1431 externa
812 1384 986 1431 auxilia
1017 1400 1164 1449 quum
1198 1381 1391 1449 singulis
1419 1381 1572 1431 Rom.

256 1448 529 1516 legionibus
563 1450 850 1511 adiunxiffet
875 1489 893 1509 ,
937 1452 1143 1499 duorum
1185 1450 1393 1516 speciem
1433 1467 1574 1499 exer-
1622 1450 1629 1454 ”

257 1519 440 1566 cituum
489 1517 701 1568 servavit
748 1537 759 1567 t
810 1520 958 1567 altero
1007 1519 1060 1568 L.
1108 1517 1336 1567 Cincium
1384 1533 1571 1583 partem
1619 1556 1627 1573 i

254 1585 451 1642 insulae‚
487 1588 581 1653 qua
611 1604 813 1654 regnum
847 1588 1073 1636 Hieronis
1105 1587 1259 1636 fuerat
1286 1626 1299 1648 ‚
1334 1589 1454 1634 tueri
1476 1585 1572 1650 jus-

255 1653 312 1702 sit
345 1672 360 1714 3
399 1655 551 1703 altero
584 1656 683 1720 ipse
718 1655 796 1722 (1)
832 1672 1041 1704 ceteram
1073 1654 1270 1704 insulam
1305 1656 1529 1704 tuebatur
1554 1691 1574 1714 ‚

256 1722 462 1771 divisam
510 1725 757 1790 quondam
810 1724 1015 1773 Romani
1070 1724 1326 1791 Punicssque
1378 1724 1574 1791 imperii

255 1789 432 1840 finibus
460 1810 475 1851 ;
505 1791 641 1840 claffe
677 1811 873 1860 quoque
909 1794 1105 1841 navium
1143 1791 1435 1860 septuaginta
1462 1811 1573 1858 par-

251 1859 340 1908 tita
367 1901 372 1910 ‚
408 1875 460 1908 ut
486 1862 621 1908 omni
644 1861 826 1910 ambitu
858 1864 1077 1910 littorum
1101 1860 1319 1927 praesidia
1345 1880 1443 1909 orae
1467 1878 1572 1910 ma-

254 1929 429 1977 ritimae
464 1927 626 1977 effent.
661 1928 765 1995 Ipse
800 1949 908 1979 cum
956 1930 1155 1978 Mutinis
1197 1933 1410 1995 equitatu
1455 1947 1576 1994 pro-

253 1997 467 2045 vinciam
500 1998 813 2066 peragrabat,
843 2015 893 2048 ut
926 1998 1102 2047 viseret
1142 2017 1313 2064 agros,
1348 1998 1574 2064 cultaque
1602 1998 1609 2001 i

254 2065 316 2114 ab
352 2066 545 2115 incultis
573 2084 798 2122 notaret,
833 2069 884 2118 &
917 2068 1117 2134 perinde
1152 2068 1378 2117 dominos
1410 2067 1575 2122 lauda-j

254 2146 332 2182 ret
367 2133 732 2203 castigaretque.
775 2135 844 2186 Ita
882 2151 1063 2184 tantum
1102 2136 1159 2184 ea
1191 2136 1304 2184 cura
1343 2133 1575 2184 frumenti

254 2206 486 2269 provenit
507 2244 518 2258 ,
548 2220 600 2254 ut
645 2206 695 2255 &
721 2205 928 2254 Romam
964 2207 1211 2263 mitteret,
1249 2205 1302 2254 &
1335 2201 1573 2252 Catanam

250 2272 552 2321 conveheret
580 2310 595 2332 ‚
623 2273 752 2323 unde
790 2276 1050 2335 exercitui,
1082 2275 1158 2340 qui
1200 2274 1259 2322 ad
1303 2271 1571 2324 Tarentum

259 2338 424 2389 aestiva
456 2339 639 2390 afflurus
675 2341 788 2391 effet
810 2381 825 2402 ,
858 2341 1009 2408 poffet
1047 2342 1265 2408 praeberi.

329 2406 419 2457 IX.
451 2406 684 2459 Ceterum
724 2411 1029 2480 transportari
1065 2411 1238 2461 milites
1278 2413 1325 2462 in
1364 2412 1576 2465 Siciliam

326 2528 345 2557 1
372 2519 542 2557 Ceteram
573 2517 786 2570 infidam...
815 2519 878 2557 di·
945 2532 1120 2571 unquam
1154 2518 1326 2568 habuit,
1354 2517 1402 2556 ad
1439 2516 1574 2558 solum
1634 2551 1640 2556 .

256 2576 383 2631 vifizm
401 2581 593 2632 quondam
616 2579 788 2619 Romani
804 2579 881 2618 Pu-
944 2579 1045 2619 belli
1077 2581 1194 2633 primi
1237 2579 1377 2618 Punici
1407 2589 1575 2632 tempus

254 2642 410 2694 niciqzu
434 2644 587 2696 imperii
601 2641 782 2697 finibus]
804 2641 882 2680 Di·
944 2642 1157 2694 pertinere
1211 2639 1390 2697 potuiffe
1433 2640 1579 2699 existi}

247 2700 448 2745 visionem
495 2705 600 2746 hanc
625 2734 640 2757 ‚
670 2703 702 2746 -fi
741 2706 881 2748 locum
942 2717 1115 2750 mamus.
