1649 3104
245 119 291 179 L
336 137 357 178 1
400 136 436 178 B
480 136 515 177 E
558 135 599 177 R
681 118 1062 178 XXVIII.
1193 126 1311 196 213‘

29 214 252 286 {numque
298 217 394 283 jam
436 236 609 287 agmen
656 233 950 267 armatorum
999 237 1025 267 a
1066 217 1222 268 castris
1265 220 1314 267 in
1331 220 1523 288 Ues-46.

29 287 234 334 aroelium
268 300 453 344 rueret,
485 305 618 354 terga
647 287 771 335 haud
803 286 948 334 dubie
978 302 1172 336 vertunt
1208 277 1526 335 poe,a.(,.206.

28 356 64 402 ti
112 352 454 421 Numidaeque.
515 355 574 404 Et
620 357 776 422 primo
813 355 1055 401 turmatim
1097 353 1319 411 abibant,

27 419 130 468 nihil
172 437 370 488 propter
408 441 642 489 pavorem
682 421 1103 470 festinationemve
1147 420 1320 468 confu-

25 487 76 537 sis
112 489 360 538 ordinibus
402 507 413 538 :
458 492 600 550 dein,
645 490 896 557 postquam
944 491 1096 538 acrius
1142 490 1321 536 ultimis

25 555 255 605 incidebat
307 558 597 617 Romanus,
645 575 803 625 neque
856 556 1066 606 sustineri
1111 557 1324 622 impetus

25 638 234 690 poterat,
282 626 397 674 nihil
443 625 539 692 jam
579 627 802 676 ordinum
840 643 1114 685 memores,
1156 622 1324 690 paffim

24 691 114 758 qua
160 693 333 757 cuique
382 696 654 760 proximum
701 693 826 754 fuit,
871 696 915 741 in
959 693 1119 761 fugam
1169 689 1324 740 effun-

23 761 210 810 duntur.
254 760 315 810 Et
359 779 630 828 quanquam
682 780 742 811 eo
798 762 975 828 proelio
1027 762 1326 827 aliquantum

23 828 77 878 &
121 827 350 877 Romanis
397 829 515 882 aut‘z'ti
559 831 611 879 &
664 830 881 878 diminuti
922 828 1135 878 hostibus
1182 827 1329 876 animi

24 910 188 956 erant,
227 911 389 946 tamen
433 915 676 964 nunquam
717 915 804 965 per
853 899 1036 963 aliquot
1071 895 1330 962 insequen-

23 977 95 1014 tes
129 963 230 1013 dies
261 967 318 1013 ab
354 965 710 1018 excursionibus
752 967 967 1032 equitum
1003 964 1217 1032 levisque
1252 982 1329 1013 ar-

0 1046 216 1088 imaturae
251 1032 476 1083 cessatum
505 1033 587 1083 est.

94 1098 231 1149 XIV.
260 1101 360 1150 Ubi
393 1100 495 1151 satis
527 1116 715 1150 tentatae
755 1119 842 1168 per
873 1102 973 1150 haec
1008 1101 1137 1150 levia
1174 1115 1327 1150 certa-

28 1169 157 1221 mina
184 1170 312 1217 vires
345 1169 480 1229 sunt,
515 1172 646 1235 prior
679 1170 916 1219 Asdrubal
955 1172 1001 1218 in
1048 1172 1200 1217 aciem
1240 1186 1330 1217 co—

27 1237 129 1302 pias
164 1237 354 1297 eduxit3
385 1238 559 1287 deinde
595 1239 647 1288 ὅ(
676 1237 884 1288 Romani
916 1236 1214 1305 processere:
1249 1236 1333 1286 sed

30 1319 229 1371 utraque
278 1308 406 1359 acies
457 1324 546 1373 pro
598 1307 730 1358 vallo
791 1305 919 1356 stetit
972 1304 1230 1366 instru&a;
1280 1305 1334 1356 ὅ(

32 1388 180 1442 quum
213 1373 271 1421 ab
304 1376 484 1424 neutris
517 1391 676 1442 pugna
719 1390 878 1441 coepta
924 1372 1069 1432 effer,
1120 1371 1216 1440 jam
1254 1372 1336 1421 die

34 1440 92 1487 ad
127 1440 347 1491 occasum
378 1442 665 1504 inclinante,
701 1461 727 1496 a
764 1441 916 1495 Poeno
950 1443 1078 1506 prius
1103 1478 1117 1498 ,
1157 1440 1338 1490 deinde

34 1508 94 1557 ab
127 1508 350 1559 Romano
379 1513 426 1559 in
455 1509 601 1560 castra
633 1512 784 1579 copiae
814 1510 1034 1561 redufilae.
1064 1509 1174 1559 Hoc
1203 1508 1337 1557 idem

35 1593 123 1643 per
157 1578 258 1627 dies
295 1579 476 1645 aliquot
511 1578 681 1629 fastum
715 1597 727 1630 t
758 1582 889 1646 prior
926 1579 1114 1645 semper
1160 1576 1338 1627 Poenus

35 1646 198 1710 copias
236 1645 395 1695 castris
431 1647 700 1708 educebat3
737 1649 866 1712 prior
901 1646 1026 1695 feffis
1078 1646 1244 1694 stando
1280 1642 1339 1695 fie-

38 1728 185 1778 gnum
223 1718 435 1781 receptui
466 1716 607 1764 dabat
631 1735 645 1764 :
680 1715 738 1764 ab
773 1730 937 1764 neutra
972 1728 1103 1780 parte
1134 1730 1340 1782 procur-

36 1781 137 1828 sum
159 1819 173 1838 ,
205 1783 418 1832 telumve
454 1782 637 1831 missum
663 1820 677 1840 ‚
706 1800 784 1832 aut
814 1801 914 1832 vox
947 1782 1043 1831 ulla
1076 1798 1197 1832 orta.
1224 1780 1338 1830 Me-

37 1847 161 1896 diam
199 1852 350 1899 aciem
391 1852 500 1900 hinc
534 1851 776 1909 Romani,
813 1852 942 1900 illinc
971 1849 1343 1918 Carthaginien-

39 1914 110 1964 ses
150 1917 271 1966 misti
307 1917 476 1977 Afris,
513 1937 693 1970 cornua
741 1919 855 1968 socii
894 1919 1122 1969 tenebant
1157 1938 1168 1968 :
1210 1929 1344 1966 erant

38 1998 199 2033 autern
247 1988 487 2055 utrimque
537 1987 733 2054 Hispani
778 2006 868 2055 pro
915 1987 1142 2036 cornibus
1184 2004 1194 2035 :
1233 1998 1342 2033 ante

39 2048 266 2110 Punicam
326 2057 476 2104 aciem
538 2056 777 2121 elephanti
824 2054 1129 2109 castellorum
1172 2051 1343 2120 procul

40 2117 248 2184 speciem
285 2123 574 2189 praebebant.
605 2123 708 2174 Jam
734 2123 826 2172 hoc
862 2125 911 2171 in
945 2123 1156 2188 utrisque
1185 2120 1345 2172 castris

41 2185 274 2237 sermonis
311 2205 443 2252 erat,
485 2193 581 2252 ita,
618 2207 667 2240 ut
698 2190 903 2241 instruffi
951 2190 1178 2241 stetissent
1205 2226 1218 2248 ‚
1255 2207 1348 2255 pu-

43 2271 300 2321 gnaturos:
336 2259 517 2308 medias
556 2261 678 2308 acies
708 2259 982 2308 Romanurn
1015 2259 1351 2324 Poenumque,

42 2340 166 2389 quos
200 2328 324 2374 inter
363 2326 477 2376 belli
511 2327 642 2376 causa
689 2326 834 2385 esset,
883 2329 983 2394 pari
1027 2327 1204 2375 robore
1248 2325 1350 2372 ani-

41 2409 232 2443 morum
276 2412 613 2462 armorumque
660 2395 990 2445 concursuros.
1044 2394 1207 2458 Scipio
1266 2392 1349 2439 ubi

45 2462 145 2510 haec
185 2461 419 2512 obstinate
455 2465 632 2512 credita
673 2464 1039 2522 animadvertit,
1082 2463 1246 2509 omnia
1283 2460 1349 2508 de

47 2527 271 2587 industria
318 2532 364 2578 in
397 2548 507 2580 eum
550 2532 707 2590 diem,
748 2549 844 2597 quo
884 2544 1174 2598 pugnaturus
1210 2542 1310 2576 erat
1334 2562 1349 2586 ‚

47 2593 265 2653 mutavit.
295 2597 539 2649 Tefferam
570 2598 760 2667 vesperi
793 2616 878 2665 per
912 2597 1059 2646 castra
1097 2596 1261 2651 dedit,
1300 2609 1354 2644 ut

51 2678 160 2729 ,ante
192 2665 351 2718 lucem
380 2669 471 2722 viri
505 2669 712 2738 equique
745 2667 967 2718 curati&
995 2663 1151 2734 pransi
1174 2661 1355 2730 essent:⁸

1401 1074 1444 1118 V
1441 1076 1542 1118 incia

1345 1139 1510 1190 Paenos.
