1649 3104
276 115 640 172 Ltnssn
720 112 1051 171 XXVII.
1226 114 1335 191 171

36 200 111 263 sus
141 203 418 261 intererant.
455 208 618 260 Castra
649 207 825 258 Punica
856 226 910 256 ac
945 208 1165 258 Romana
1193 211 1348 260 inter-
1366 209 1554 260 U-c-545.

27 276 227 348 'jacebat
264 297 462 358 campus
492 298 503 328 :
539 277 688 326 colles
731 276 1048 325 imminebant
1080 279 1193 326 nudi
1231 264 1554 328 fini-⁰·c·²07·

38 347 136 399 stro
169 349 304 397 lateri
348 343 808 414 Carthaginiensium
836 382 850 405 ,
885 344 1054 393 dextro
1096 344 1351 396 Romano·

39 432 144 465 turn
171 452 185 475 ,
223 416 402 465 neutris
447 413 642 480 suspeffi
669 450 683 470 ‚
731 413 862 479 quod
909 412 1027 460 nihil
1068 411 1219 477 sylvae
1262 432 1350 463 ne·

16 491 135 550 'que
165 483 226 531 ad
261 484 446 531 ins-‚dias
480 482 770 531 latebrarum
806 480 1060 529 habebant.
1093 479 1145 528 In
1183 483 1350 531 medio

41 568 219 616 campo
262 551 319 599 ab
364 551 642 599 stationibus
677 547 1006 614 procursantes
1031 587 1047 607 ,
1088 551 1348 598 certamina

39 619 165 670 haud
202 617 305 668 satis
342 619 484 685 digna
523 617 647 665 di&u
683 616 915 666 serebant.
949 615 1003 665 Id
1050 616 1201 665 modo
1241 616 1349 665 Ro·-

39 705 233 738 manum
277 703 488 753 quaerere
533 684 789 752 apparebat
820 723 832 741 ,
880 701 940 733 ne
985 683 1115 732 abire
1159 683 1348 735 hostem

37 770 298 824 pateretur.
335 753 545 802 Annibal
581 753 692 800 inde
738 752 946 801 evadere
983 754 1181 818 cupiens
1208 789 1221 812 ‚
1263 766 1348 801 to·-

19 825 98 872 ‘tis
141 823 319 871 viribus
355 823 401 869 in
441 823 588 869 aciem
634 819 971 869 descendebat.
1006 817 1136 868 Tum
1179 819 1346 869 consul

37 890 115 959 (4)
140 893 332 957 ingeni-o
355 889 500 938 hostis
523 888 626 937 usus
643 924 657 947 ,
681 906 778 955 quo
803 890 956 936 minus
979 889 1026 935 in
1049 902 1145 936 tam
1170 890 1344 954 apertis

36 958 241 1009 collibus
279 960 436 1006 timeri
476 956 653 1005 insidiae
691 972 913 1021 poterant
942 993 957 1013 ,
1006 958 1215 1023 quinque
1255 976 1342 1005 co-
1404 948 1558 1004 Infidiae

37 1025 202 1076 hortes
249 1026 421 1074 additis
472 1027 680 1091 quinque
727 1023 977 1089 manipulis
1013 1061 1026 1084 ‚
1073 1024 1213 1073 nocie
1263 1012 1514 1091 Ju-Rma·

38 1111 151 1169 gum
194 1094 412 1159 superare
452 1094 504 1143 &
543 1095 590 1140 in
633 1091 807 1141 averfis
844 1091 1047 1140 vallibus
1090 1092 1340 1143 confidere

37 1162 172 1228 jubet
200 1182 209 1211 :
240 1177 431 1227 tempus
459 1159 739 1227 exsurgendi
770 1177 828 1207 ex
854 1158 1029 1207 insidiis
1052 1197 1064 1218 ‚
1098 1162 1154 1209 ὂ(-
1178 1178 1344 1227 aggre-

37 1230 200 1279 diendi
235 1229 422 1278 hostem
455 1265 469 1289 ,
514 1227 592 1276 Ti.
632 1225 890 1276 Claudium
928 1226 1144 1277 Asellum
1189 1230 1346 1280 tribu-

39 1316 154 1347 num
196 1298 432 1353 militum,
474 1296 526 1345 &
561 1295 611 1344 P.
654 1294 911 1344 Claudium
947 1295 1221 1360 praefefflum
1267 1296 1348 1346 so-

39 1366 167 1416 cium
201 1366 376 1414 edocet
397 1402 410 1423 ‚
443 1382 565 1431 quos
593 1382 703 1412 curn
736 1365 791 1411 iis
824 1364 1076 1412 mittebat:
1108 1363 1205 1429 ipse
1235 1365 1346 1414 luce

41 1434 195 1501 prima
242 1435 404 1499 copias
455 1448 623 1480 omnes
668 1432 886 1498 peditum
937 1433 1252 1499 equitumque
1297 1436 1347 1481 in

39 1502 195 1551 aciem
236 1501 416 1550 eduxit.
463 1499 606 1548 Paulo
645 1498 750 1565 post
797 1500 848 1548 ὃς
892 1499 950 1548 ab
997 1499 1237 1548 Annibale
1275 1499 1343 1547 fi·-

40 1586 186 1636 gnum
237 1586 408 1635 pugnae
454 1565 753 1634 propofitum
802 1565 868 1615 est
904 1605 917 1627 ‚
966 1567 1246 1633 clamorque
1293 1570 1344 1617 in

39 1635 200 1685 castris
230 1637 287 1684 ad
318 1653 446 1683 arma
475 1635 832 1683 discurrentium
866 1633 931 1682 est
959 1632 1199 1684 sublatus:
1233 1637 1346 1685 inde

39 1722 190 1770 eques
219 1704 458 1771 pedesque
491 1704 703 1751 certatim
734 1704 882 1769 portis
912 1720 1049 1752 ruere
1072 1741 1083 1759 ,
1113 1720 1165 1752 ac
1199 1705 1347 1770 palati

38 1789 127 1839 per
175 1790 396 1838 campum
441 1788 698 1837 properare
741 1771 799 1819 ad
849 1769 1024 1820 hostes.
1064 1769 1210 1835 Quos
1259 1772 1343 1821 ubi

39 1839 208 1889 effusos
257 1839 419 1888 consul
465 1839 600 1887 videt
633 1877 647 1898 ‚
691 1840 884 1887 tribuno
935 1839 1141 1887 militum
1186 1842 1340 1889 tertiae

37 1907 240 1974 legionis
285 1906 343 1955 C.
386 1907 715 1955 Aurunculeio
757 1909 960 1972 imperat
994 1945 1010 1964 ,
1056 1921 1106 1954 ut
1152 1910 1342 1974 equites

39 1976 241 2042 legionis
275 1990 451 2041 quanto
485 1976 696 2024 maximo
737 1977 921 2040 impetu
957 1969 1097 2040 poffit
1119 2013 1133 2033 ‚
1167 1978 1215 2023 in
1250 1975 1343 2025 ho-

39 2042 158 2093 stem
194 2045 378 2091 emittat
403 2062 414 2085 A·
440 2045 506 2090 ita
525 2061 729 2109 pecorum
759 2045 886 2091 modo
914 2044 1220 2108 incompofitos
1250 2058 1344 2091 toto

31 2110 190 2178 paffim
217 2128 370 2175 campo
392 2109 442 2175 se
463 2108 628 2175 fizdrffb
648 2147 664 2168 ‚
688 2125 734 2158 ut
751 2112 887 2178 sterni
919 2112 1164 2176 obterique,
1189 2112 1343 2178 priuss-

40 2197 169 2244 quam
203 2179 467 2244 instruamur
483 2215 500 2236 ‚
524 2178 700 2244 poffint.

105 2245 284 2295 XLII.
318 2244 551 2295 Nondum
595 2245 802 2294 Annibal
842 2263 868 2294 e
914 2243 1073 2294 castris
1118 2247 1336 2306 exierat,

1355 1090 1511 1122 norum.

1408 2243 1550 2302 Pugna

33 2331 181 2382 quum
232 2315 538 2380 pugnantium
588 2315 849 2362 clamorem
899 2315 1127 2363 audivit:
1178 2311 1535 2381 itaquesemmit-

33 2384 213 2431 excitus
246 2382 448 2430 tumultu
470 2422 482 2440 ‚
518 2385 689 2448 raptim
720 2382 779 2430 ad
809 2380 994 2430 hostem
1030 2384 1191 2448 copias
1223 2385 1336 2449 agit.
1351 2382 1463 2412 “ms-

30 2449 134 2502 Jam
169 2453 348 2518 primos
387 2464 709 2516 occupaverat
756 2448 975 2517 equester
1017 2465 1208 2499 terror:
1249 2468 1341 2518 pe·
1368 2500 1379 2510 ,

92 2602 122 2640 4
139 2587 300 2645 Ingenio
315 2588 434 2639 hostis
453 2587 567 2645 L'fids]
587 2587 647 2628 ln·
709 2587 905 2629 adversus
936 2587 1106 2629 Poenum
1135 2598 1224 2629 arte
1257 2588 1335 2629 Po..

31 2651 194 2708 genium
220 2651 342 2693 hostis
371 2651 551 2692 imitatus
570 2679 581 2700 ‚
605 2650 648 2692 ὅ(
710 2650 803 2691 nicl-
829 2661 965 2691 utens.

1013 2704 1130 2775 Hij
