1649 3104
102 193 251 249 U.c.54

99 251 246 298 a.C.2o

285 834 357 884 ⁴in
393 852 452 883 eo
485 833 791 898 captivorum
821 844 1021 875 numero
1054 827 1173 874 fabri
1209 827 1403 892 quidam
1440 825 1610 889 fuere,

319 118 435 181 288
723 115 795 176 T.
877 116 1210 175 L1V1'1'

253 212 290 252 7·
314 236 365 267 re
398 212 584 266 affulsit.
607 213 890 265 Latrociniis
921 214 1239 292 magis-quam
1268 211 1393 280 justo
1419 213 1551 267 hello
1572 214 1642 270 ἱᾶ-

230 269 288 362 ,5’
311 286 508 336 Bruttiis
546 285 831 352 gerebantur
870 300 976 342 res;
1024 284 1262 348 prmcipio
1296 284 1356 332 ab
1394 283 1618 336 Numidis

311 355 470 414 fafto,
518 356 571 404 &
616 353 841 409 Bruttiis,
884 367 982 398 non
1029 349 1254 400 societate
1288 353 1436 418 magis
1481 352 1618 402 Puni-

311 425 410 484 ca,
460 421 602 490 quam
651 421 817 486 suopte
878 418 1073 484 ingenio
1140 420 1515 486 congruentibus
1565 422 1649 472 ini

311 510 425 543 eum
463 508 666 540 morem.
706 487 955 537 Postremo
1006 484 1213 534 Romani
1264 504 1458 553 quoque
1511 486 1610 552 jam

309 563 600 627 contagione
638 556 843 623 quadam
877 570 1013 620 rapto
1048 555 1346 620 gaudentes,
1381 571 1610 622 quantum

309 648 398 697 per
425 630 572 677 duces
598 626 803 683 licebat,
837 621 1137 671 excursiones
1167 624 1213 670 in
1240 620 1449 670 hostium
1474 625 1612 690 agro's

308 698 484 748 facere.
507 695 588 744 Ab
611 697 663 742 iis
695 693 769 759 (3)
795 689 960 758 egreffi
985 690 1177 756 quidam
1202 691 1371 738 urbem
1398 689 1611 741 Locren-

307 766 379 816 ses
411 762 758 820 circumventi,
790 759 1127 826 Rhegiumque
1147 757 1361 807 abstraffi
1392 758 1610 811 fuerant:

308 902 471 952 assueti
511 899 636 948 forte
676 896 804 964 apud
838 895 1011 944 Poenos
1041 896 1266 942 mercede
1296 913 1421 960 opus
1451 897 1496 944 in
1531 913 1609 944 ar-

308 989 364 1021 ce
399 970 666 1018 Locrorum
705 965 877 1014 facere.
919 963 957 1011 Ii
992 964 1168 1028 cogniti
1207 962 1265 1010 ab
1298 953 1608 1014 Locrensium

307 1036 632 1106 principibus,
664 1035 745 1101 qui
776 1030 889 1098 pulsi
920 1032 978 1078 ab
1011 1029 1206 1079 adversa
1237 1029 1470 1090 faciione‚
1500 1049 1606 1098 quae

307 1106 536 1157 Annibali
574 1104 756 1152 Locros
800 1100 1090 1159 tradiderat,
1128 1098 1369 1165 Rhegium
1405 1098 1452 1147 se
1489 1117 1606 1148 con-

305 1176 559 1233 tulerant,
618 1189 765 1238 quum
801 1184 992 1228 cetera,
1043 1167 1460 1233 percuneiantibus
1512 1167 1607 1233 (ut

301 1262 412 1294 mos
446 1240 512 1291 est
550 1242 630 1307 qui
665 1240 743 1287 diu
779 1235 976 1299 absunt)
1009 1253 1114 1301 quae
1151 1235 1286 1283 domi
1322 1251 1604 1302 agerentur,

302 1308 656 1378 exposuiffent,
697 1306 830 1373 spem
878 1303 1129 1358 fecerunt,
1181 1301 1213 1350 fi
1262 1305 1500 1364 redempti
1546 1322 1601 1354 ac

301 1377 479 1429 remiffi
512 1377 700 1434 forent,
737 1391 895 1422 arcem
940 1371 984 1420 se
1026 1374 1081 1420 iis
1119 1372 1376 1420 tradituros
1409 1388 1420 1419 ε
1460 1371 1600 1436 ibifi

300 1449 534 1503 habitare,
574 1446 792 1510 fidemque
816 1443 905 1507 fibi
942 1458 1079 1489 rerum
1115 1442 1304 1487 omnium
1345 1442 1458 1488 inter
1497 1441 1601 1488 Car·

301 1513 594 1583 thaginienses
633 1511 724 1577 effe.
750 1511 929 1576 Itaque
954 1547 965 1568 ,
1003 1526 1053 1556 ut
1082 1510 1160 1573 qui
1194 1506 1328 1554 fimul
1362 1506 1599 1557 desiderio

300 1588 469 1652 patriae
519 1596 836 1649 angerentur,
887 1577 1019 1624 simul
1073 1576 1331 1640 cupiditate
1380 1577 1598 1623 inimicos

300 1651 560 1701 ulciscendi
589 1649 813 1697 arderent
832 1684 846 1706 ,
874 1645 1132 1708 redemptis
1167 1645 1412 1709 extemplo
1442 1645 1496 1691 iis
1525 1659 1599 1692 re-

296 1719 572 1787 mistisque,
607 1734 755 1784 quum
795 1714 1016 1764 ordinem
1057 1711 1255 1778 agendae
1289 1714 1359 1760 rei
1394 1728 1600 1777 compo-

299 1786 520 1843 suissent,
565 1785 789 1853 signaque
838 1800 943 1849 quae
994 1780 1162 1847 procul
1207 1779 1334 1828 edita
1377 1778 1604 1828 observas

298 1873 407 1906 rent
440 1893 454 1916 ‚
497 1853 583 1922 ipsi
636 1853 694 1901 ad
742 1852 1016 1918 Scipionem
1067 1846 1321 1913 Syracusas
1367 1845 1598 1913 profeffi,

301 1926 429 1991 apud
467 1940 611 1988 quem
659 1939 765 1987 pars
800 1919 1013 1968 exsulum
1055 1931 1186 1974 erat,
1232 1915 1491 1964 referentes
1532 1914 1598 1963 ibi

299 1991 526 2060 promissa
560 1993 866 2054 captivorum
893 2023 907 2046 ,
951 2002 1099 2051 quum
1142 1984 1274 2050 spem
1328 1984 1385 2031 ab
1428 1981 1597 2032 effeCiu

299 2062 428 2111 haud
474 2060 816 2108 abhorrentem
874 2053 1054 2103 consuii
1107 2051 1366 2113 feciffent3
1423 2051 1598 2100 tribuni

301 2131 509 2180 militum
558 2144 666 2174 cum
717 2128 770 2174 iis
815 2123 885 2172 M.
931 2120 1122 2188 Sergius
1172 2121 1224 2170 ὅ(
1272 2119 1316 2168 Ρ.
1352 2118 1610 2168 ΜειῑὶεῐιιιεΔ

298 2197 444 2258 misti,
484 2193 684 2262 jussique
726 2194 784 2242 ab
830 2191 1020 2256 Rhegio
1069 2191 1151 2236 tria
1197 2188 1345 2236 millia
1391 2187 1597 2236 militum

296 2269 481 2318 Locros
542 2264 715 2312 ducere
758 2279 768 2310 :
821 2262 871 2310 δε
919 2258 990 2322 Q.
1034 2257 1269 2306 Pleminio
1312 2254 1596 2321 propraetori

295 2338 521 2402 scriptum
555 2370 568 2390 ‚
616 2345 667 2378 ut
715 2331 781 2378 rei
822 2328 1016 2394 agendae
1060 2323 1248 2373 adesset.
1286 2322 1489 2373 Profeffl
1534 2321 1594 2371 ab

297 2405 523 2471 Rhegio‚
560 2399 701 2448 scalas
737 2398 795 2445 ad
835 2397 1010 2445 editam
1041 2393 1344 2442 altitudinem
1381 2393 1499 2440 arcis
1527 2389 1595 2440 fa·

359 2550 378 2591 3
399 2529 585 2590 Egrmeffi
606 2528 761 2583 urbem]
782 2527 914 2568 Proba
977 2542 1020 2568 ra
1037 2536 1172 2566 tamen
1195 2521 1321 2564 efl'ent
1339 2521 1377 2562 in
1396 2521 1513 2561 editis
1530 2552 1542 2568 ,
1564 2517 1593 2560 fi

293 2599 453 2640 locutio
473 2628 484 2646 ,
504 2595 543 2635 ὅ(
565 2591 679 2646 cujus
700 2591 887 2643 exempla
978 2590 1023 2629 ad
1042 2587 1125 2627 mff.
1150 2587 1268 2626 fidem
1285 2582 1471 2625 accurate
1492 2583 1590 2623 sem·

293 2676 382 2716 quae
401 2673 487 2700 rara
501 2670 583 2698 non
601 2654 713 2705 sunt,
730 2652 914 2694 crebrio-
976 2664 1052 2707 per
1070 2650 1350 2706 exigerentur.

1390 2718 1599 2772 bricatas
