1649 3104
303 134 421 200 '402
719 126 1204 190 T.L1v1r

307 223 567 273 turnalibus
618 225 786 291 primis
835 244 1006 294 agmen
1064 227 1313 294 aggressa,
1366 229 1603 284 Numidas

280 291 404 342 levi
437 298 702 343 certamine
732 293 884 344 fudit:
913 297 1043 343 exitu
1078 314 1273 364 quoque
1303 298 1428 366 fugae
1457 303 1620 351 inter-v

305 359 475 420 cluso,
515 360 607 428 (9)
643 380 669 410 a
713 378 843 428 parte
893 365 1028 411 omni
1076 366 1378 415 circumdatis
1427 372 1603 436 equiti-

302 428 426 488 bus,
470 431 745 496 quindecim
794 429 941 478 millia
982 431 1233 482 hominum
1279 434 1434 494 caesa,
1471 437 1602 492 mille

305 498 359 547 &
396 497 585 546 ducenti
625 499 727 546 vivi
769 499 896 564 capti
933 498 1036 548 sunt
1062 537 1076 559 ,
1117 502 1169 550 ὃ(
1210 505 1322 568 equi
1356 503 1602 556 Numidici

302 565 434 615 mille
470 567 522 616 ὃ(
563 568 847 632 quingenti,
883 565 1011 633 figna
1049 569 1269 617 militaria
1309 571 1406 620 duo
1444 574 1496 623 Sc
1532 571 1606 622 sei·⁴

301 635 562 701 ptuaginta.
609 633 823 700 Regulus
861 637 959 701 ipse
1009 636 1133 684 inter
1183 640 1443 688 tumultum
1495 639 1604 691 cum

300 706 463 768 paucis
507 699 685 768 effugit.
720 701 852 751 Tum
887 704 947 751 ad
979 702 1225 755 Tunetem
1263 707 1439 757 eodem
1461 745 1477 766 ,
1507 727 1609 776 quo>

298 785 440 818 antea
475 805 488 825 ‚
535 769 648 818 loco
695 769 839 819 castra
888 769 1075 837 posita,
1121 775 1365 842 legatique
1412 779 1606 845 triginta

298 837 592 904 Carthagine
628 837 687 886 ad
718 837 993 905 Scipionem
1024 857 1282 893 venerunt.
1311 843 1371 892 Et
1400 844 1464 893 illi
1498 849 1604 912 qui-

301 907 416 954 dem
460 907 615 954 multo
659 906 972 956 miserabiliiis
1010 909 1156 975 quam
1189 912 1295 959 ante
1329 912 1468 977 (quo
1501 931 1606 962 ma·-

301 975 371 1040 gis
418 975 622 1040 cogebat
672 972 861 1023 fortuna
895 974 915 1041 )
955 992 1194 1042 egerunt3
1237 976 1319 1026 sed
1368 981 1609 1046 aliquanto

303 1042 494 1091 minore
540 1059 650 1091 cum
699 1041 1025 1092 misericordia
1059 1045 1116 1094 ab
1153 1048 1335 1096 recenti
1375 1052 1609 1098 memoria

303 1107 521 1175 perfidiae
573 1109 722 1158 auditi
774 1109 892 1160 sunt.
939 1110 992 1160 ln
1043 1111 1244 1163 confilio
1277 1151 1292 1175 ‚
1339 1131 1609 1183 quanquam
1648 1175 1649 1181 ἵ

302 1175 423 1244 justa
467 1178 534 1226 ira
573 1195 744 1227 omnes
783 1179 843 1227 ad
882 1179 1138 1229 delendam
1175 1179 1446 1232 stimulabat
1486 1182 1610 1234 Car-

301 1245 586 1314 thaginem3
625 1260 819 1307 tamen,
857 1264 1006 1314 quum
1047 1249 1097 1299 &
1131 1265 1304 1316 quanta
1340 1266 1415 1300 res
1455 1250 1568 1302 effet
1595 1290 1611 1314 ,

305 1314 358 1366 ὅ(
404 1313 550 1380 quam
593 1312 724 1381 longi
767 1318 1002 1382 temporis
1044 1314 1231 1367 obsidio
1277 1332 1374 1367 tam
1414 1321 1609 1371 munitae

309 1383 362 1433 δι
389 1395 488 1431 tam
518 1380 691 1431 validae
723 1382 852 1431 urbis
872 1418 887 1443 ,
912 1398 1188 1450 reputarent
1206 1421 1223 1443 ,
1252 1385 1302 1436 δὲ
1327 1385 1478 1452 ipsum
1505 1386 1609 1438 Sci-

309 1450 511 1517 pionem
550 1448 841 1516 exspefiatio
873 1450 1145 1502 successoris
1164 1490 1181 1512 ,
1209 1455 1403 1502 venturi
1432 1455 1491 1504 acl
1529 1473 1616 1522 pa-

309 1533 461 1566 ratam
509 1517 700 1566 alterius
752 1518 917 1569 labore
967 1538 1020 1568 ac
1069 1522 1287 1586 periculo
1333 1519 1455 1571 finiti
1499 1523 1617 1574 belli

309 1584 488 1635 famam
512 1624 527 1646 ,
562 1585 872 1647 sollicitaret,
908 1588 967 1637 ad
1003 1606 1174 1656 pacem
1211 1590 1431 1640 omniurn
1472 1595 1615 1643 animi

309 1653 437 1705 versi
472 1653 594 1702 sunt.

144 1736 293 1776 Condi·
379 1720 644 1771 XXXVII.
679 1720 878 1773 Postero
910 1723 988 1773 die
1008 1761 1024 1783 ,
1054 1727 1294 1775 revocatis
1330 1725 1497 1794 legatis
1518 1764 1533 1789 ,
1562 1728 1616 1780 &

103 1798 230 1836 tiones
313 1808 423 1840 cum
475 1791 624 1839 multa
669 1790 972 1858 castigatione
1017 1792 1232 1858 perfidiae
1281 1798 1476 1844 monitis
1507 1832 1522 1857 ,
1562 1811 1616 1847 ut

23 1908 47 1911 aa
98 1862 217 1915 pacis
269 1872 385 1909 atot
417 1858 629 1907 cladidus
670 1859 824 1908 edocii
850 1898 863 1918 ,
900 1861 1095 1909 tandem
1136 1863 1254 1911 deos
1292 1864 1343 1913 ὃ(
1379 1862 1618 1929 jusjuran-

103 1920 291 1975 Scipione
312 1927 424 1976 dum
460 1926 553 1976 esse
592 1929 846 1978 crederent
874 1966 888 1988 ‚
927 1930 1230 1979 conditiones
1274 1932 1403 1997 pacis
1442 1931 1611 1984 difflae:

100 1982 228 2033 diffae·
318 1999 387 2046 Ut
417 1995 543 2043 liberi
575 1994 744 2062 legibus
771 1995 871 2062 fitis
903 1998 1140 2047 viverent.-
1172 1997 1265 2066 (1)
1303 2018 1414 2065 quas
1447 2002 1571 2049 urbes
1593 2038 1611 2063 ‚

314 2061 502 2130 quosque
544 2082 674 2131 agros
693 2101 708 2122 ,
741 2064 976 2131 quibusque
1012 2067 1184 2131 finibus
1219 2082 1320 2115 ante
1358 2069 1515 2132 bellu-m
1554 2084 1618 2118 te·-

314 2130 505 2197 nuiffirzt
524 2168 537 2190 ,
571 2146 790 2192 tenerent,
817 2134 1148 2200 populandique
1174 2136 1312 2199 finem
1345 2154 1392 2183 eo
1422 2138 1492 2184 die
1519 2140 1620 2186 Ro-

315 2218 474 2250 manus
493 2198 678 2266 faceret.
709 2200 932 2268 Perfitgas
949 2239 963 2260 ,
984 2201 1289 2271 fitgitivosque
1307 2241 1320 2262 ‚
1349 2203 1394 2252 6¹
1418 2207 1620 2271 captivos

317 2285 466 2317 omnes
518 2270 741 2316 redderent
783 2272 1001 2319 Romanis
1031 2308 1050 2330 ,
1097 2271 1142 2319 δ’
1189 2290 1327 2320 naves
1376 2275 1582 2340 rostratas
1601 2311 1620 2334 ,

310 2351 472 2406 praeter
508 2338 650 2384 decem
695 2339 885 2385 triremes
904 2375 920 2396 ,
960 2341 1178 2387 traderent
1194 2377 1211 2398 ‚
1256 2340 1585 2409 elephantosque
1603 2379 1622 2401 ,

316 2422 425 2471 quos
481 2406 687 2453 haberent
734 2408 923 2455 domitos
952 2425 975 2466 ‚·
1023 2426 1157 2472 neque
1208 2410 1435 2458 domarent
1487 2411 1621 2460 alios.

95 203 288 263 U.c.55o.

93 267 273 311 a.(..202

378 2553 406 2594 9
424 2541 464 2583 A
479 2555 590 2597 parte
605 2545 938 2583 omnicircutnda·
1003 2545 1113 2586 omni
1136 2556 1251 2600 parte
1269 2546 1598 2592 circumfudisset.

316 2605 373 2645 eis
401 2604 624 2660 equitibus]
654 2607 789 2656 Quum
820 2607 939 2660 equi·
1071 2621 1085 2648 1
1131 2607 1248 2667 Quas
1288 2608 1424 2662 urbeg,
1457 2611 1622 2665 quofipoe

288 2699 292 2703 .
316 2674 427 2709 tatus
443 2680 704 2711 romanorum
720 2668 806 2710 sese
824 2668 872 2712 iis
889 2670 937 2712 ab
1003 2672 1149 2729 agros]
1167 2671 1356 2729 Intellige
1373 2702 1385 2724 ,
1404 2671 1444 2714 in
1467 2672 1625 2718 Afri-ca·
