<?xml version="1.0" encoding="UTF-8"?>
<!DOCTYPE html PUBLIC "-//W3C//DTD XHTML 1.0 Transitional//EN"
    "http://www.w3.org/TR/xhtml1/DTD/xhtml1-transitional.dtd">
<html xmlns="http://www.w3.org/1999/xhtml" xml:lang="en" lang="en">
 <head>
  <title>
</title>
<meta http-equiv="Content-Type" content="text/html;charset=utf-8" />
  <meta name='ocr-system' content='tesseract 3.04.00' />
  <meta name='ocr-capabilities' content='ocr_page ocr_carea ocr_par ocr_line ocrx_word'/>
</head>
<body>
  <div class='ocr_page' id='page_1' title='image "./tliviipatavinihi0202livy_0178.png"; bbox 0 0 1649 3104; ppageno 0'>
   <div class='ocr_carea' id='block_1_1' title="bbox 51 195 246 306">
    <p class='ocr_par' dir='ltr' id='par_1_1' title="bbox 51 195 246 306">
     <span class='ocr_line' id='line_1_1' title="bbox 51 195 246 248; baseline 0.015 -10"><span class='ocrx_word' id='word_1_1' title='bbox 51 195 246 248; x_wconf 77' lang='lat' dir='ltr'>U.c.54&lt;¹.</span> 
     </span>
     <span class='ocr_line' id='line_1_2' title="bbox 52 257 246 306; baseline -0.005 -12"><span class='ocrx_word' id='word_1_2' title='bbox 52 257 246 306; x_wconf 78' lang='lat' dir='ltr'>a.C.207.</span> 
     </span>
    </p>
   </div>
   <div class='ocr_carea' id='block_1_2' title="bbox 269 82 1177 192">
    <p class='ocr_par' dir='ltr' id='par_1_2' title="bbox 269 82 1177 192">
     <span class='ocr_line' id='line_1_3' title="bbox 269 82 1177 192; baseline 0 -18"><span class='ocrx_word' id='word_1_3' title='bbox 269 82 407 192; x_wconf 16' lang='lat'>172*</span> <span class='ocrx_word' id='word_1_4' title='bbox 658 114 730 174; x_wconf 93' lang='lat' dir='ltr'>T.</span> <span class='ocrx_word' id='word_1_5' title='bbox 821 115 1177 176; x_wconf 83' lang='lat' dir='ltr'>L1v11.</span> 
     </span>
    </p>
   </div>
   <div class='ocr_carea' id='block_1_3' title="bbox 260 212 1581 897">
    <p class='ocr_par' dir='ltr' id='par_1_3' title="bbox 260 212 1581 897">
     <span class='ocr_line' id='line_1_4' title="bbox 260 212 1572 285; baseline -0.001 -22"><span class='ocrx_word' id='word_1_6' title='bbox 260 215 419 264; x_wconf 84' lang='lat' dir='ltr'>ditum</span> <span class='ocrx_word' id='word_1_7' title='bbox 457 212 605 262; x_wconf 87' lang='lat' dir='ltr'>etiam</span> <span class='ocrx_word' id='word_1_8' title='bbox 644 215 796 281; x_wconf 88' lang='lat' dir='ltr'>prima</span> <span class='ocrx_word' id='word_1_9' title='bbox 833 212 996 281; x_wconf 78' lang='lat' dir='ltr'>legio,</span> <span class='ocrx_word' id='word_1_10' title='bbox 1036 214 1088 262; x_wconf 60' lang='grc' dir='ltr'>ὃς</span> <span class='ocrx_word' id='word_1_11' title='bbox 1132 215 1299 265; x_wconf 80' lang='lat' dir='ltr'>dextra</span> <span class='ocrx_word' id='word_1_12' title='bbox 1331 216 1401 266; x_wconf 85' lang='lat' dir='ltr'>ala</span> <span class='ocrx_word' id='word_1_13' title='bbox 1441 232 1572 285; x_wconf 82' lang='lat' dir='ltr'>proe.·</span> 
     </span>
     <span class='ocr_line' id='line_1_5' title="bbox 260 280 1572 356; baseline 0.002 -23"><span class='ocrx_word' id='word_1_14' title='bbox 260 284 382 333; x_wconf 88' lang='lat' dir='ltr'>lium</span> <span class='ocrx_word' id='word_1_15' title='bbox 411 282 633 333; x_wconf 86' lang='lat' dir='ltr'><strong>inibant:</strong></span> <span class='ocrx_word' id='word_1_16' title='bbox 667 280 976 348; x_wconf 72' lang='lat' dir='ltr'>incompositi</span> <span class='ocrx_word' id='word_1_17' title='bbox 1010 280 1169 330; x_wconf 86' lang='lat' dir='ltr'>hostes</span> <span class='ocrx_word' id='word_1_18' title='bbox 1192 320 1206 344; x_wconf 91' lang='lat'>‚</span> <span class='ocrx_word' id='word_1_19' title='bbox 1243 300 1295 334; x_wconf 92' lang='lat' dir='ltr'>ut</span> <span class='ocrx_word' id='word_1_20' title='bbox 1329 304 1572 356; x_wconf 83' lang='lat' dir='ltr'><strong>quemque</strong></span> 
     </span>
     <span class='ocr_line' id='line_1_6' title="bbox 260 348 1574 418; baseline 0.004 -18"><span class='ocrx_word' id='word_1_21' title='bbox 260 367 344 401; x_wconf 83' lang='lat' dir='ltr'>aut</span> <span class='ocrx_word' id='word_1_22' title='bbox 381 351 570 418; x_wconf 88' lang='lat' dir='ltr'>pediti,</span> <span class='ocrx_word' id='word_1_23' title='bbox 605 366 685 400; x_wconf 87' lang='lat' dir='ltr'>aut</span> <span class='ocrx_word' id='word_1_24' title='bbox 718 353 869 418; x_wconf 88' lang='lat' dir='ltr'>equiti</span> <span class='ocrx_word' id='word_1_25' title='bbox 900 348 1032 397; x_wconf 86' lang='lat' dir='ltr'>casus</span> <span class='ocrx_word' id='word_1_26' title='bbox 1068 351 1276 412; x_wconf 85' lang='lat' dir='ltr'>obtulit,</span> <span class='ocrx_word' id='word_1_27' title='bbox 1306 356 1372 402; x_wconf 86' lang='lat' dir='ltr'>ita</span> <span class='ocrx_word' id='word_1_28' title='bbox 1407 356 1574 406; x_wconf 89' lang='lat' dir='ltr'>conse-</span> 
     </span>
     <span class='ocr_line' id='line_1_7' title="bbox 260 417 1572 490; baseline 0 -22"><span class='ocrx_word' id='word_1_29' title='bbox 260 425 372 469; x_wconf 84' lang='lat' dir='ltr'>runt</span> <span class='ocrx_word' id='word_1_30' title='bbox 396 437 596 471; x_wconf 88' lang='lat' dir='ltr'>manus:</span> <span class='ocrx_word' id='word_1_31' title='bbox 624 420 791 469; x_wconf 79' lang='lat' dir='ltr'>crescit</span> <span class='ocrx_word' id='word_1_32' title='bbox 815 435 972 485; x_wconf 82' lang='lat' dir='ltr'>pugna</span> <span class='ocrx_word' id='word_1_33' title='bbox 994 417 1208 468; x_wconf 86' lang='lat' dir='ltr'>subficliis</span> <span class='ocrx_word' id='word_1_34' title='bbox 1225 456 1240 479; x_wconf 89' lang='lat'>‚</span> <span class='ocrx_word' id='word_1_35' title='bbox 1267 419 1349 486; x_wconf 85' lang='lat'>(5)</span> <span class='ocrx_word' id='word_1_36' title='bbox 1371 423 1421 472; x_wconf 68' lang='grc' dir='ltr'>ὅ(</span> <span class='ocrx_word' id='word_1_37' title='bbox 1449 442 1572 490; x_wconf 86' lang='lat' dir='ltr'>pro-</span> 
     </span>
     <span class='ocr_line' id='line_1_8' title="bbox 260 489 1574 559; baseline 0.004 -23"><span class='ocrx_word' id='word_1_38' title='bbox 260 490 560 537; x_wconf 85' lang='lat' dir='ltr'>currentium</span> <span class='ocrx_word' id='word_1_39' title='bbox 602 489 661 537; x_wconf 88' lang='lat' dir='ltr'>ad</span> <span class='ocrx_word' id='word_1_40' title='bbox 700 502 944 536; x_wconf 79' lang='lat' dir='ltr'>certarnen</span> <span class='ocrx_word' id='word_1_41' title='bbox 979 504 1184 536; x_wconf 84' lang='lat' dir='ltr'>numero</span> <span class='ocrx_word' id='word_1_42' title='bbox 1216 506 1444 555; x_wconf 82' lang='lat' dir='ltr'>augetur:</span> <span class='ocrx_word' id='word_1_43' title='bbox 1476 511 1574 559; x_wconf 85' lang='lat' dir='ltr'>pu-</span> 
     </span>
     <span class='ocr_line' id='line_1_9' title="bbox 260 553 1575 624; baseline 0.002 -20"><span class='ocrx_word' id='word_1_44' title='bbox 260 555 557 624; x_wconf 81' lang='lat' dir='ltr'>gnantesque</span> <span class='ocrx_word' id='word_1_45' title='bbox 599 555 780 624; x_wconf 92' lang='lat' dir='ltr'>(quod</span> <span class='ocrx_word' id='word_1_46' title='bbox 813 553 898 602; x_wconf 85' lang='lat' dir='ltr'>nifi</span> <span class='ocrx_word' id='word_1_47' title='bbox 935 555 981 602; x_wconf 85' lang='lat' dir='ltr'>in</span> <span class='ocrx_word' id='word_1_48' title='bbox 1023 569 1195 604; x_wconf 82' lang='lat' dir='ltr'>vetere</span> <span class='ocrx_word' id='word_1_49' title='bbox 1238 559 1450 606; x_wconf 87' lang='lat' dir='ltr'>exercitu</span> <span class='ocrx_word' id='word_1_50' title='bbox 1474 598 1485 615; x_wconf 93' lang='lat'><strong><em>‚</em></strong></span> <span class='ocrx_word' id='word_1_51' title='bbox 1522 562 1575 621; x_wconf 69' lang='grc' dir='ltr'>ὃς</span> 
     </span>
     <span class='ocr_line' id='line_1_10' title="bbox 262 621 1575 688; baseline 0.002 -14"><span class='ocrx_word' id='word_1_52' title='bbox 262 626 377 674; x_wconf 90' lang='lat' dir='ltr'>duci</span> <span class='ocrx_word' id='word_1_53' title='bbox 422 627 581 674; x_wconf 86' lang='lat' dir='ltr'>veteri</span> <span class='ocrx_word' id='word_1_54' title='bbox 625 624 754 673; x_wconf 87' lang='lat' dir='ltr'>haud</span> <span class='ocrx_word' id='word_1_55' title='bbox 799 622 937 671; x_wconf 85' lang='lat' dir='ltr'>facile</span> <span class='ocrx_word' id='word_1_56' title='bbox 983 621 1049 671; x_wconf 90' lang='lat' dir='ltr'>est</span> <span class='ocrx_word' id='word_1_57' title='bbox 1085 622 1104 688; x_wconf 94' lang='lat'>)</span> <span class='ocrx_word' id='word_1_58' title='bbox 1148 625 1274 672; x_wconf 87' lang='lat' dir='ltr'>inter</span> <span class='ocrx_word' id='word_1_59' title='bbox 1313 627 1575 677; x_wconf 85' lang='lat' dir='ltr'>tumultum</span> 
     </span>
     <span class='ocr_line' id='line_1_11' title="bbox 262 689 1576 749; baseline 0.002 -7"><span class='ocrx_word' id='word_1_60' title='bbox 262 712 323 742; x_wconf 83' lang='lat' dir='ltr'>ac</span> <span class='ocrx_word' id='word_1_61' title='bbox 356 709 591 743; x_wconf 88' lang='lat' dir='ltr'>terrorem</span> <span class='ocrx_word' id='word_1_62' title='bbox 624 689 905 741; x_wconf 85' lang='lat' dir='ltr'>instruxisset</span> <span class='ocrx_word' id='word_1_63' title='bbox 935 691 1181 749; x_wconf 78' lang='lat' dir='ltr'>Annibal,</span> <span class='ocrx_word' id='word_1_64' title='bbox 1217 695 1265 741; x_wconf 88' lang='lat' dir='ltr'>ni</span> <span class='ocrx_word' id='word_1_65' title='bbox 1299 694 1576 745; x_wconf 87' lang='lat' dir='ltr'>cohortium</span> 
     </span>
     <span class='ocr_line' id='line_1_12' title="bbox 264 761 1581 828; baseline 0.002 -17"><span class='ocrx_word' id='word_1_66' title='bbox 264 780 321 811; x_wconf 87' lang='lat' dir='ltr'>ac</span> <span class='ocrx_word' id='word_1_67' title='bbox 370 761 723 828; x_wconf 72' lang='lat' dir='ltr'>manipulorum</span> <span class='ocrx_word' id='word_1_68' title='bbox 761 761 1119 808; x_wconf 78' lang='lat' dir='ltr'>decurrentium</span> <span class='ocrx_word' id='word_1_69' title='bbox 1161 778 1249 827; x_wconf 88' lang='lat' dir='ltr'>per</span> <span class='ocrx_word' id='word_1_70' title='bbox 1294 762 1443 811; x_wconf 89' lang='lat' dir='ltr'>colles</span> <span class='ocrx_word' id='word_1_71' title='bbox 1481 765 1581 813; x_wconf 85' lang='lat' dir='ltr'>cla-</span> 
     </span>
     <span class='ocr_line' id='line_1_13' title="bbox 265 830 1578 897; baseline 0.002 -18"><span class='ocrx_word' id='word_1_72' title='bbox 265 848 377 879; x_wconf 89' lang='lat' dir='ltr'>mor</span> <span class='ocrx_word' id='word_1_73' title='bbox 412 831 471 880; x_wconf 91' lang='lat' dir='ltr'>ab</span> <span class='ocrx_word' id='word_1_74' title='bbox 511 846 650 897; x_wconf 87' lang='lat' dir='ltr'>tergo</span> <span class='ocrx_word' id='word_1_75' title='bbox 690 830 878 878; x_wconf 80' lang='lat' dir='ltr'>auditus</span> <span class='ocrx_word' id='word_1_76' title='bbox 909 866 922 887; x_wconf 86' lang='lat'>‚</span> <span class='ocrx_word' id='word_1_77' title='bbox 966 843 1151 876; x_wconf 89' lang='lat' dir='ltr'>metum</span> <span class='ocrx_word' id='word_1_78' title='bbox 1182 866 1196 888; x_wconf 88' lang='lat'>‚</span> <span class='ocrx_word' id='word_1_79' title='bbox 1242 847 1302 878; x_wconf 88' lang='lat' dir='ltr'>ne</span> <span class='ocrx_word' id='word_1_80' title='bbox 1346 832 1578 882; x_wconf 85' lang='lat' dir='ltr'>interclu-</span> 
     </span>
    </p>
   </div>
   <div class='ocr_carea' id='block_1_4' title="bbox 79 895 1579 964">
    <p class='ocr_par' dir='ltr' id='par_1_4' title="bbox 79 895 1579 964">
     <span class='ocr_line' id='line_1_14' title="bbox 79 895 1579 964; baseline 0.002 -18"><span class='ocrx_word' id='word_1_81' title='bbox 79 897 254 940; x_wconf 66' lang='lat' dir='ltr'>Vincunt</span> <span class='ocrx_word' id='word_1_82' title='bbox 269 899 496 948; x_wconf 86' lang='lat' dir='ltr'>derentur</span> <span class='ocrx_word' id='word_1_83' title='bbox 525 917 551 946; x_wconf 91' lang='lat' dir='ltr'>a</span> <span class='ocrx_word' id='word_1_84' title='bbox 583 897 745 947; x_wconf 83' lang='lat' dir='ltr'>castris</span> <span class='ocrx_word' id='word_1_85' title='bbox 770 935 781 953; x_wconf 91' lang='lat'>‚</span> <span class='ocrx_word' id='word_1_86' title='bbox 815 895 1064 959; x_wconf 59' lang='lat' dir='ltr'>injeciffen</span> <span class='ocrx_word' id='word_1_87' title='bbox 1094 895 1212 945; x_wconf 87' lang='lat' dir='ltr'>Inde</span> <span class='ocrx_word' id='word_1_88' title='bbox 1243 917 1398 964; x_wconf 87' lang='lat' dir='ltr'>pavor</span> <span class='ocrx_word' id='word_1_89' title='bbox 1429 900 1579 949; x_wconf 88' lang='lat' dir='ltr'>incus-</span> 
     </span>
    </p>
   </div>
   <div class='ocr_carea' id='block_1_5' title="bbox 53 960 248 1006">
    <p class='ocr_par' dir='ltr' id='par_1_5' title="bbox 53 960 248 1006">
     <span class='ocr_line' id='line_1_15' title="bbox 53 960 248 1006; baseline -0.005 -4"><span class='ocrx_word' id='word_1_90' title='bbox 53 960 248 1006; x_wconf 72' lang='lat' dir='ltr'>Romani.</span> 
     </span>
    </p>
   </div>
   <div class='ocr_carea' id='block_1_6' title="bbox 234 1172 794 1240">
    <p class='ocr_par' dir='ltr' id='par_1_6' title="bbox 234 1172 794 1240">
     <span class='ocr_line' id='line_1_16' title="bbox 234 1172 794 1240; baseline -0.005 -19"><span class='ocrx_word' id='word_1_91' title='bbox 234 1176 409 1240; x_wconf 50' lang='lat' dir='ltr'>‘tergo</span> <span class='ocrx_word' id='word_1_92' title='bbox 453 1172 746 1220; x_wconf 71' lang='lat' dir='ltr'>inhaerebant</span> <span class='ocrx_word' id='word_1_93' title='bbox 783 1188 794 1218; x_wconf 73' lang='grc' dir='ltr'>ε</span> 
     </span>
    </p>
   </div>
   <div class='ocr_carea' id='block_1_7' title="bbox 259 963 1617 1787">
    <p class='ocr_par' dir='ltr' id='par_1_7' title="bbox 259 963 1617 1787">
     <span class='ocr_line' id='line_1_17' title="bbox 267 963 1580 1034; baseline 0.002 -18"><span class='ocrx_word' id='word_1_94' title='bbox 267 966 341 1016; x_wconf 85' lang='lat' dir='ltr'>sus</span> <span class='ocrx_word' id='word_1_95' title='bbox 365 1004 380 1026; x_wconf 88' lang='lat'>‚</span> <span class='ocrx_word' id='word_1_96' title='bbox 417 969 471 1017; x_wconf 88' lang='lat'>&amp;</span> <span class='ocrx_word' id='word_1_97' title='bbox 501 966 613 1034; x_wconf 80' lang='lat' dir='ltr'>fuga</span> <span class='ocrx_word' id='word_1_98' title='bbox 652 963 815 1032; x_wconf 86' lang='lat' dir='ltr'>paffim</span> <span class='ocrx_word' id='word_1_99' title='bbox 848 964 953 1013; x_wconf 86' lang='lat' dir='ltr'>fieri</span> <span class='ocrx_word' id='word_1_100' title='bbox 985 980 1147 1030; x_wconf 87' lang='lat' dir='ltr'>coepta</span> <span class='ocrx_word' id='word_1_101' title='bbox 1183 964 1286 1015; x_wconf 86' lang='lat' dir='ltr'>est:</span> <span class='ocrx_word' id='word_1_102' title='bbox 1321 969 1580 1034; x_wconf 86' lang='lat' dir='ltr'>minorque</span> 
     </span>
     <span class='ocr_line' id='line_1_18' title="bbox 266 1031 1617 1101; baseline 0 -18"><span class='ocrx_word' id='word_1_103' title='bbox 266 1036 426 1084; x_wconf 85' lang='lat' dir='ltr'>caedes</span> <span class='ocrx_word' id='word_1_104' title='bbox 471 1034 560 1083; x_wconf 87' lang='lat' dir='ltr'>fuit</span> <span class='ocrx_word' id='word_1_105' title='bbox 585 1073 600 1093; x_wconf 88' lang='lat'><strong>,</strong></span> <span class='ocrx_word' id='word_1_106' title='bbox 638 1037 747 1101; x_wconf 85' lang='lat' dir='ltr'>quia</span> <span class='ocrx_word' id='word_1_107' title='bbox 780 1034 1116 1100; x_wconf 74' lang='lat' dir='ltr'>propinquitas</span> <span class='ocrx_word' id='word_1_108' title='bbox 1161 1031 1421 1084; x_wconf 83' lang='lat' dir='ltr'>castrorum</span> <span class='ocrx_word' id='word_1_109' title='bbox 1460 1037 1582 1085; x_wconf 88' lang='lat' dir='ltr'>bre-</span> <span class='ocrx_word' id='word_1_110' title='bbox 1613 1046 1617 1083; x_wconf 78' lang='lat' dir='ltr'>J</span> 
     </span>
     <span class='ocr_line' id='line_1_19' title="bbox 264 1100 1578 1169; baseline 0.002 -18"><span class='ocrx_word' id='word_1_111' title='bbox 264 1106 458 1153; x_wconf 84' lang='lat' dir='ltr'>viorem</span> <span class='ocrx_word' id='word_1_112' title='bbox 492 1103 656 1169; x_wconf 80' lang='lat' dir='ltr'>fugam</span> <span class='ocrx_word' id='word_1_113' title='bbox 685 1100 910 1169; x_wconf 80' lang='lat' dir='ltr'>perculfis</span> <span class='ocrx_word' id='word_1_114' title='bbox 943 1100 1072 1149; x_wconf 87' lang='lat' dir='ltr'>fecit.</span> <span class='ocrx_word' id='word_1_115' title='bbox 1107 1100 1185 1166; x_wconf 84' lang='lat'>(6)</span> <span class='ocrx_word' id='word_1_116' title='bbox 1221 1101 1416 1168; x_wconf 80' lang='lat' dir='ltr'>Equites</span> <span class='ocrx_word' id='word_1_117' title='bbox 1449 1106 1578 1154; x_wconf 87' lang='lat' dir='ltr'>enim</span> 
     </span>
     <span class='ocr_line' id='line_1_20' title="bbox 840 1168 1578 1221; baseline 0.007 -4"><span class='ocrx_word' id='word_1_118' title='bbox 840 1172 888 1217; x_wconf 86' lang='lat' dir='ltr'>in</span> <span class='ocrx_word' id='word_1_119' title='bbox 939 1168 1201 1218; x_wconf 84' lang='lat' dir='ltr'>transversa</span> <span class='ocrx_word' id='word_1_120' title='bbox 1246 1171 1394 1220; x_wconf 84' lang='lat' dir='ltr'>latera</span> <span class='ocrx_word' id='word_1_121' title='bbox 1433 1173 1578 1221; x_wconf 86' lang='lat' dir='ltr'>inva-</span> 
     </span>
     <span class='ocr_line' id='line_1_21' title="bbox 264 1236 1578 1304; baseline 0.001 -15"><span class='ocrx_word' id='word_1_122' title='bbox 264 1240 422 1289; x_wconf 86' lang='lat' dir='ltr'>serant</span> <span class='ocrx_word' id='word_1_123' title='bbox 451 1241 679 1289; x_wconf 86' lang='lat' dir='ltr'>cohortes</span> <span class='ocrx_word' id='word_1_124' title='bbox 702 1279 712 1296; x_wconf 94' lang='lat'>,</span> <span class='ocrx_word' id='word_1_125' title='bbox 745 1236 822 1304; x_wconf 87' lang='lat'>(7)</span> <span class='ocrx_word' id='word_1_126' title='bbox 855 1238 1072 1286; x_wconf 86' lang='lat' dir='ltr'>secundis</span> <span class='ocrx_word' id='word_1_127' title='bbox 1105 1237 1306 1286; x_wconf 84' lang='lat' dir='ltr'>collibus</span> <span class='ocrx_word' id='word_1_128' title='bbox 1341 1239 1419 1287; x_wconf 65' lang='lat' dir='ltr'>via</span> <span class='ocrx_word' id='word_1_129' title='bbox 1447 1241 1578 1290; x_wconf 61' lang='lat' dir='ltr'>nuda</span> 
     </span>
     <span class='ocr_line' id='line_1_22' title="bbox 264 1305 1580 1372; baseline 0.001 -15"><span class='ocrx_word' id='word_1_130' title='bbox 264 1328 321 1358; x_wconf 88' lang='lat' dir='ltr'>ac</span> <span class='ocrx_word' id='word_1_131' title='bbox 360 1308 483 1357; x_wconf 86' lang='lat' dir='ltr'>facili</span> <span class='ocrx_word' id='word_1_132' title='bbox 520 1309 846 1357; x_wconf 84' lang='lat' dir='ltr'>decurrentes.</span> <span class='ocrx_word' id='word_1_133' title='bbox 884 1305 1073 1354; x_wconf 82' lang='lat' dir='ltr'>Tamen</span> <span class='ocrx_word' id='word_1_134' title='bbox 1107 1305 1244 1372; x_wconf 86' lang='lat' dir='ltr'>supra</span> <span class='ocrx_word' id='word_1_135' title='bbox 1285 1306 1394 1357; x_wconf 64' lang='lat' dir='ltr'>octo</span> <span class='ocrx_word' id='word_1_136' title='bbox 1432 1309 1580 1359; x_wconf 88' lang='lat' dir='ltr'>millia</span> 
     </span>
     <span class='ocr_line' id='line_1_23' title="bbox 264 1373 1578 1442; baseline 0 -16"><span class='ocrx_word' id='word_1_137' title='bbox 264 1379 520 1427; x_wconf 82' lang='lat' dir='ltr'>hominum</span> <span class='ocrx_word' id='word_1_138' title='bbox 569 1375 775 1434; x_wconf 85' lang='lat' dir='ltr'>occisa3</span> <span class='ocrx_word' id='word_1_139' title='bbox 834 1373 970 1442; x_wconf 88' lang='lat' dir='ltr'>supra</span> <span class='ocrx_word' id='word_1_140' title='bbox 1023 1373 1350 1441; x_wconf 81' lang='lat' dir='ltr'>septingentos</span> <span class='ocrx_word' id='word_1_141' title='bbox 1405 1379 1578 1440; x_wconf 85' lang='lat' dir='ltr'>capti:</span> 
     </span>
     <span class='ocr_line' id='line_1_24' title="bbox 261 1442 1575 1511; baseline 0 -17"><span class='ocrx_word' id='word_1_142' title='bbox 261 1445 395 1511; x_wconf 75' lang='lat' dir='ltr'>signa</span> <span class='ocrx_word' id='word_1_143' title='bbox 465 1445 688 1494; x_wconf 84' lang='lat' dir='ltr'>militaria</span> <span class='ocrx_word' id='word_1_144' title='bbox 751 1459 933 1491; x_wconf 81' lang='lat' dir='ltr'>novem</span> <span class='ocrx_word' id='word_1_145' title='bbox 990 1442 1217 1508; x_wconf 87' lang='lat' dir='ltr'>adempta</span> <span class='ocrx_word' id='word_1_146' title='bbox 1263 1461 1274 1492; x_wconf 91' lang='lat'><strong>:</strong></span> <span class='ocrx_word' id='word_1_147' title='bbox 1331 1444 1575 1511; x_wconf 75' lang='lat' dir='ltr'>elephanti</span> 
     </span>
     <span class='ocr_line' id='line_1_25' title="bbox 259 1509 1576 1580; baseline 0 -18"><span class='ocrx_word' id='word_1_148' title='bbox 259 1517 408 1563; x_wconf 33' lang='lat' dir='ltr'>*etiam</span> <span class='ocrx_word' id='word_1_149' title='bbox 441 1549 457 1572; x_wconf 83' lang='lat'>‚</span> <span class='ocrx_word' id='word_1_150' title='bbox 504 1531 711 1580; x_wconf 89' lang='lat' dir='ltr'>quorum</span> <span class='ocrx_word' id='word_1_151' title='bbox 753 1511 908 1559; x_wconf 87' lang='lat' dir='ltr'>nullus</span> <span class='ocrx_word' id='word_1_152' title='bbox 956 1509 1061 1559; x_wconf 85' lang='lat' dir='ltr'>usus</span> <span class='ocrx_word' id='word_1_153' title='bbox 1117 1511 1163 1558; x_wconf 89' lang='lat' dir='ltr'>in</span> <span class='ocrx_word' id='word_1_154' title='bbox 1213 1516 1466 1574; x_wconf 85' lang='lat' dir='ltr'>repentina</span> <span class='ocrx_word' id='word_1_155' title='bbox 1520 1532 1576 1562; x_wconf 82' lang='lat' dir='ltr'>ac</span> 
     </span>
     <span class='ocr_line' id='line_1_26' title="bbox 261 1579 1574 1648; baseline -0.002 -17"><span class='ocrx_word' id='word_1_156' title='bbox 261 1582 570 1631; x_wconf 77' lang='lat' dir='ltr'>tumultuaria</span> <span class='ocrx_word' id='word_1_157' title='bbox 607 1598 766 1648; x_wconf 77' lang='lat' dir='ltr'>pugna</span> <span class='ocrx_word' id='word_1_158' title='bbox 800 1579 986 1636; x_wconf 81' lang='lat' dir='ltr'>fuerat,</span> <span class='ocrx_word' id='word_1_159' title='bbox 1020 1594 1226 1645; x_wconf 86' lang='lat' dir='ltr'>quatuor</span> <span class='ocrx_word' id='word_1_160' title='bbox 1259 1579 1440 1639; x_wconf 76' lang='lat' dir='ltr'>occifi3</span> <span class='ocrx_word' id='word_1_161' title='bbox 1475 1581 1574 1629; x_wconf 82' lang='lat' dir='ltr'>duo</span> 
     </span>
     <span class='ocr_line' id='line_1_27' title="bbox 259 1647 1573 1717; baseline -0.001 -18"><span class='ocrx_word' id='word_1_162' title='bbox 259 1653 401 1717; x_wconf 81' lang='lat' dir='ltr'>capti.</span> <span class='ocrx_word' id='word_1_163' title='bbox 433 1648 512 1717; x_wconf 78' lang='lat'>(8)</span> <span class='ocrx_word' id='word_1_164' title='bbox 548 1648 693 1698; x_wconf 91' lang='lat' dir='ltr'>Circa</span> <span class='ocrx_word' id='word_1_165' title='bbox 726 1649 1017 1715; x_wconf 80' lang='lat' dir='ltr'>quingentos</span> <span class='ocrx_word' id='word_1_166' title='bbox 1048 1647 1383 1696; x_wconf 80' lang='lat' dir='ltr'>Romanorum</span> <span class='ocrx_word' id='word_1_167' title='bbox 1418 1648 1573 1698; x_wconf 87' lang='lat' dir='ltr'>socio-</span> 
     </span>
     <span class='ocr_line' id='line_1_28' title="bbox 259 1713 1577 1787; baseline 0 -19"><span class='ocrx_word' id='word_1_168' title='bbox 259 1735 467 1787; x_wconf 85' lang='lat' dir='ltr'>rumque</span> <span class='ocrx_word' id='word_1_169' title='bbox 503 1716 709 1768; x_wconf 67' lang='lat' dir='ltr'>vi&amp;ores</span> <span class='ocrx_word' id='word_1_170' title='bbox 753 1717 1032 1766; x_wconf 83' lang='lat' dir='ltr'>ceciderunt</span> <span class='ocrx_word' id='word_1_171' title='bbox 1065 1733 1076 1763; x_wconf 90' lang='lat'>:</span> <span class='ocrx_word' id='word_1_172' title='bbox 1117 1713 1313 1782; x_wconf 89' lang='lat' dir='ltr'>postero</span> <span class='ocrx_word' id='word_1_173' title='bbox 1346 1717 1423 1765; x_wconf 89' lang='lat' dir='ltr'>die</span> <span class='ocrx_word' id='word_1_174' title='bbox 1465 1718 1577 1768; x_wconf 79' lang='lat' dir='ltr'>Poe-</span> 
     </span>
    </p>
   </div>
   <div class='ocr_carea' id='block_1_8' title="bbox 260 1852 1577 2036">
    <p class='ocr_par' dir='ltr' id='par_1_8' title="bbox 260 1852 1577 2036">
     <span class='ocr_line' id='line_1_29' title="bbox 311 1852 1577 1913; baseline -0.002 -14"><span class='ocrx_word' id='word_1_175' title='bbox 311 1871 329 1912; x_wconf 82' lang='grc' dir='ltr'><strong>ς</strong></span> <span class='ocrx_word' id='word_1_176' title='bbox 355 1857 413 1899; x_wconf 84' lang='lat' dir='ltr'>Et</span> <span class='ocrx_word' id='word_1_177' title='bbox 428 1858 732 1913; x_wconf 75' lang='lat' dir='ltr'>procurrentium</span> <span class='ocrx_word' id='word_1_178' title='bbox 746 1856 799 1894; x_wconf 77' lang='lat' dir='ltr'>ad</span> <span class='ocrx_word' id='word_1_179' title='bbox 815 1870 888 1895; x_wconf 86' lang='lat' dir='ltr'>cer·</span> <span class='ocrx_word' id='word_1_180' title='bbox 953 1855 1076 1894; x_wconf 79' lang='lat' dir='ltr'>caedes</span> <span class='ocrx_word' id='word_1_181' title='bbox 1103 1853 1216 1906; x_wconf 66' lang='lat' dir='ltr'>fizft&#39;a</span> <span class='ocrx_word' id='word_1_182' title='bbox 1256 1852 1345 1908; x_wconf 68' lang='lat' dir='ltr'>effer</span> <span class='ocrx_word' id='word_1_183' title='bbox 1373 1870 1386 1896; x_wconf 83' lang='lat'>.·</span> <span class='ocrx_word' id='word_1_184' title='bbox 1431 1859 1577 1910; x_wconf 81' lang='lat' dir='ltr'>equites</span> 
     </span>
     <span class='ocr_line' id='line_1_30' title="bbox 260 1916 1530 1974; baseline -0.006 -12"><span class='ocrx_word' id='word_1_185' title='bbox 260 1934 393 1962; x_wconf 78' lang='lat' dir='ltr'>tamen</span> <span class='ocrx_word' id='word_1_186' title='bbox 410 1935 565 1960; x_wconf 87' lang='lat' dir='ltr'>numero</span> <span class='ocrx_word' id='word_1_187' title='bbox 578 1921 767 1974; x_wconf 79' lang='lat' dir='ltr'>augetur]</span> <span class='ocrx_word' id='word_1_188' title='bbox 790 1917 889 1958; x_wconf 84' lang='lat' dir='ltr'>Haec</span> <span class='ocrx_word' id='word_1_189' title='bbox 953 1919 1052 1956; x_wconf 79' lang='lat' dir='ltr'>enim</span> <span class='ocrx_word' id='word_1_190' title='bbox 1070 1928 1175 1971; x_wconf 81' lang='lat' dir='ltr'>tergo</span> <span class='ocrx_word' id='word_1_191' title='bbox 1195 1916 1445 1958; x_wconf 53' lang='lat' dir='ltr'>inherebant.</span> <span class='ocrx_word' id='word_1_192' title='bbox 1464 1948 1473 1957; x_wconf 90' lang='lat'><em>.</em></span> <span class='ocrx_word' id='word_1_193' title='bbox 1492 1950 1501 1959; x_wconf 86' lang='lat'><em>.</em></span> <span class='ocrx_word' id='word_1_194' title='bbox 1519 1949 1530 1960; x_wconf 82' lang='grc'><strong>.</strong></span> 
     </span>
     <span class='ocr_line' id='line_1_31' title="bbox 260 1977 1576 2036; baseline -0.004 -13"><span class='ocrx_word' id='word_1_195' title='bbox 260 1986 391 2023; x_wconf 84' lang='lat' dir='ltr'>verba</span> <span class='ocrx_word' id='word_1_196' title='bbox 429 1998 518 2036; x_wconf 81' lang='lat' dir='ltr'>quae</span> <span class='ocrx_word' id='word_1_197' title='bbox 562 1981 750 2020; x_wconf 82' lang='lat' dir='ltr'>eumdem</span> <span class='ocrx_word' id='word_1_198' title='bbox 797 1994 888 2019; x_wconf 88' lang='lat' dir='ltr'>cum</span> <span class='ocrx_word' id='word_1_199' title='bbox 1014 1992 1040 2030; x_wconf 95' lang='lat'><strong>7</strong></span> <span class='ocrx_word' id='word_1_200' title='bbox 1060 1977 1248 2017; x_wconf 71' lang='lat' dir='ltr'>Secundis</span> <span class='ocrx_word' id='word_1_201' title='bbox 1269 1978 1467 2033; x_wconf 76' lang='lat' dir='ltr'>collibus]</span> <span class='ocrx_word' id='word_1_202' title='bbox 1493 1980 1576 2022; x_wconf 85' lang='lat' dir='ltr'>Per</span> 
     </span>
    </p>
   </div>
   <div class='ocr_carea' id='block_1_9' title="bbox 259 2041 891 2405">
    <p class='ocr_par' dir='ltr' id='par_1_9' title="bbox 259 2041 891 2405">
     <span class='ocr_line' id='line_1_32' title="bbox 259 2041 889 2100; baseline -0.008 -15"><span class='ocrx_word' id='word_1_203' title='bbox 259 2044 591 2100; x_wconf 70' lang='lat' dir='ltr'>praecedentibus</span> <span class='ocrx_word' id='word_1_204' title='bbox 613 2043 770 2082; x_wconf 76' lang='lat' dir='ltr'>sensum</span> <span class='ocrx_word' id='word_1_205' title='bbox 787 2074 796 2090; x_wconf 90' lang='lat'><em>‚</em></span> <span class='ocrx_word' id='word_1_206' title='bbox 820 2041 889 2081; x_wconf 85' lang='lat' dir='ltr'>sed</span> 
     </span>
     <span class='ocr_line' id='line_1_33' title="bbox 259 2103 889 2160; baseline -0.01 -12"><span class='ocrx_word' id='word_1_207' title='bbox 259 2105 395 2149; x_wconf 60' lang='lat' dir='ltr'>minus</span> <span class='ocrx_word' id='word_1_208' title='bbox 455 2108 669 2160; x_wconf 76' lang='lat' dir='ltr'>eleganter</span> <span class='ocrx_word' id='word_1_209' title='bbox 721 2103 889 2156; x_wconf 79' lang='lat' dir='ltr'>expres-</span> 
     </span>
     <span class='ocr_line' id='line_1_34' title="bbox 261 2165 886 2219; baseline -0.008 -10"><span class='ocrx_word' id='word_1_210' title='bbox 261 2170 380 2219; x_wconf 71' lang='lat' dir='ltr'>sum,</span> <span class='ocrx_word' id='word_1_211' title='bbox 412 2166 623 2216; x_wconf 81' lang='lat' dir='ltr'>offerunt,</span> <span class='ocrx_word' id='word_1_212' title='bbox 656 2166 786 2206; x_wconf 84' lang='lat' dir='ltr'>deleri</span> <span class='ocrx_word' id='word_1_213' title='bbox 824 2165 886 2205; x_wconf 85' lang='lat' dir='ltr'>fa-</span> 
     </span>
     <span class='ocr_line' id='line_1_35' title="bbox 262 2230 888 2284; baseline -0.008 -12"><span class='ocrx_word' id='word_1_214' title='bbox 262 2230 342 2273; x_wconf 74' lang='lat' dir='ltr'>cile</span> <span class='ocrx_word' id='word_1_215' title='bbox 379 2240 616 2284; x_wconf 80' lang='lat' dir='ltr'>pateremur</span> <span class='ocrx_word' id='word_1_216' title='bbox 646 2259 656 2277; x_wconf 96' lang='lat'>,</span> <span class='ocrx_word' id='word_1_217' title='bbox 700 2238 888 2282; x_wconf 66' lang='lat' dir='ltr'>tanquam</span> 
     </span>
     <span class='ocr_line' id='line_1_36' title="bbox 265 2289 890 2349; baseline -0.01 -15"><span class='ocrx_word' id='word_1_218' title='bbox 265 2291 461 2349; x_wconf 69' lang='lat' dir='ltr'>glossema</span> <span class='ocrx_word' id='word_1_219' title='bbox 493 2290 602 2345; x_wconf 87' lang='lat' dir='ltr'>quod</span> <span class='ocrx_word' id='word_1_220' title='bbox 627 2303 679 2329; x_wconf 88' lang='lat' dir='ltr'>ex</span> <span class='ocrx_word' id='word_1_221' title='bbox 707 2304 779 2329; x_wconf 92' lang='lat' dir='ltr'>ora</span> <span class='ocrx_word' id='word_1_222' title='bbox 800 2289 890 2329; x_wconf 86' lang='lat' dir='ltr'>libri</span> 
     </span>
     <span class='ocr_line' id='line_1_37' title="bbox 265 2350 891 2405; baseline -0.01 -9"><span class='ocrx_word' id='word_1_223' title='bbox 265 2359 307 2396; x_wconf 74' lang='lat' dir='ltr'>in</span> <span class='ocrx_word' id='word_1_224' title='bbox 325 2363 568 2396; x_wconf 75' lang='lat' dir='ltr'>contextum</span> <span class='ocrx_word' id='word_1_225' title='bbox 585 2350 743 2391; x_wconf 72' lang='lat' dir='ltr'>temere</span> <span class='ocrx_word' id='word_1_226' title='bbox 760 2352 891 2405; x_wconf 87' lang='lat' dir='ltr'>irrep-</span> 
     </span>
    </p>
   </div>
   <div class='ocr_carea' id='block_1_10' title="bbox 266 2419 886 2532">
    <p class='ocr_par' dir='ltr' id='par_1_10' title="bbox 266 2419 886 2532">
     <span class='ocr_line' id='line_1_38' title="bbox 266 2419 383 2459; baseline -0.009 0"><span class='ocrx_word' id='word_1_227' title='bbox 266 2419 383 2459; x_wconf 82' lang='lat' dir='ltr'>serit.</span> 
     </span>
     <span class='ocr_line' id='line_1_39' title="bbox 333 2473 886 2532; baseline -0.014 -13"><span class='ocrx_word' id='word_1_228' title='bbox 333 2480 360 2522; x_wconf 80' lang='grc'>6</span> <span class='ocrx_word' id='word_1_229' title='bbox 394 2477 559 2532; x_wconf 72' lang='lat' dir='ltr'>Equites</span> <span class='ocrx_word' id='word_1_230' title='bbox 598 2478 727 2525; x_wconf 80' lang='lat' dir='ltr'>enim,</span> <span class='ocrx_word' id='word_1_231' title='bbox 767 2473 886 2528; x_wconf 46' lang='lat' dir='ltr'>Ge]</span> 
     </span>
    </p>
   </div>
   <div class='ocr_carea' id='block_1_11' title="bbox 226 2521 891 2590">
    <p class='ocr_par' dir='ltr' id='par_1_11' title="bbox 226 2521 891 2590">
     <span class='ocr_line' id='line_1_40' title="bbox 226 2521 891 2590; baseline -0.015 -7"><span class='ocrx_word' id='word_1_232' title='bbox 226 2521 235 2531; x_wconf 66' lang='lat'>.‚</span> <span class='ocrx_word' id='word_1_233' title='bbox 270 2542 383 2582; x_wconf 80' lang='lat' dir='ltr'>Ante</span> <span class='ocrx_word' id='word_1_234' title='bbox 403 2542 492 2581; x_wconf 85' lang='lat' dir='ltr'>haec</span> <span class='ocrx_word' id='word_1_235' title='bbox 519 2540 646 2579; x_wconf 85' lang='lat' dir='ltr'>verba</span> <span class='ocrx_word' id='word_1_236' title='bbox 670 2536 812 2590; x_wconf 86' lang='lat' dir='ltr'>supple</span> <span class='ocrx_word' id='word_1_237' title='bbox 840 2549 891 2575; x_wconf 85' lang='lat' dir='ltr'>ex</span> 
     </span>
    </p>
   </div>
   <div class='ocr_carea' id='block_1_12' title="bbox 272 2599 893 2719">
    <p class='ocr_par' dir='ltr' id='par_1_12' title="bbox 272 2599 893 2719">
     <span class='ocr_line' id='line_1_41' title="bbox 272 2599 893 2656; baseline -0.014 -12"><span class='ocrx_word' id='word_1_238' title='bbox 272 2603 416 2652; x_wconf 74' lang='lat' dir='ltr'>sensu;</span> <span class='ocrx_word' id='word_1_239' title='bbox 433 2600 576 2656; x_wconf 66' lang='lat' dir='ltr'>quodsi</span> <span class='ocrx_word' id='word_1_240' title='bbox 584 2613 664 2640; x_wconf 86' lang='lat' dir='ltr'>tam</span> <span class='ocrx_word' id='word_1_241' title='bbox 675 2599 893 2654; x_wconf 81' lang='lat' dir='ltr'>propinqua</span> 
     </span>
     <span class='ocr_line' id='line_1_42' title="bbox 274 2661 892 2719; baseline -0.01 -14"><span class='ocrx_word' id='word_1_242' title='bbox 274 2680 354 2707; x_wconf 62' lang='lat' dir='ltr'>noa</span> <span class='ocrx_word' id='word_1_243' title='bbox 401 2661 536 2719; x_wconf 68' lang='lat' dir='ltr'>ruffey-n</span> <span class='ocrx_word' id='word_1_244' title='bbox 567 2662 688 2715; x_wconf 81' lang='lat' dir='ltr'>castra</span> <span class='ocrx_word' id='word_1_245' title='bbox 704 2693 716 2713; x_wconf 91' lang='lat'>,</span> <span class='ocrx_word' id='word_1_246' title='bbox 749 2674 892 2718; x_wconf 83' lang='lat' dir='ltr'>magna</span> 
     </span>
    </p>
   </div>
   <div class='ocr_carea' id='block_1_13' title="bbox 953 2040 1637 2704">
    <p class='ocr_par' dir='ltr' id='par_1_13' title="bbox 953 2040 1580 2265">
     <span class='ocr_line' id='line_1_43' title="bbox 953 2040 1580 2094; baseline 0.003 -14"><span class='ocrx_word' id='word_1_247' title='bbox 953 2054 1108 2093; x_wconf 84' lang='lat' dir='ltr'>pronos</span> <span class='ocrx_word' id='word_1_248' title='bbox 1123 2042 1252 2083; x_wconf 35' lang='lat' dir='ltr'>coll-es</span> <span class='ocrx_word' id='word_1_249' title='bbox 1269 2055 1278 2080; x_wconf 72' lang='grc' dir='ltr'><em>τ</em></span> <span class='ocrx_word' id='word_1_250' title='bbox 1298 2051 1342 2080; x_wconf 81' lang='lat' dir='ltr'>ut</span> <span class='ocrx_word' id='word_1_251' title='bbox 1358 2040 1580 2094; x_wconf 76' lang='lat' dir='ltr'>diciturse-</span> 
     </span>
     <span class='ocr_line' id='line_1_44' title="bbox 953 2101 1580 2155; baseline 0.005 -14"><span class='ocrx_word' id='word_1_252' title='bbox 953 2103 1080 2141; x_wconf 81' lang='lat' dir='ltr'>cundo</span> <span class='ocrx_word' id='word_1_253' title='bbox 1104 2101 1271 2155; x_wconf 66' lang='lat' dir='ltr'>flumine</span> <span class='ocrx_word' id='word_1_254' title='bbox 1302 2103 1436 2143; x_wconf 68' lang='lat' dir='ltr'>delabi</span> <span class='ocrx_word' id='word_1_255' title='bbox 1459 2135 1469 2153; x_wconf 90' lang='lat'>‚</span> <span class='ocrx_word' id='word_1_256' title='bbox 1507 2113 1580 2144; x_wconf 84' lang='lat' dir='ltr'>aut</span> 
     </span>
     <span class='ocr_line' id='line_1_45' title="bbox 953 2163 1579 2217; baseline 0.005 -14"><span class='ocrx_word' id='word_1_257' title='bbox 953 2166 1097 2204; x_wconf 74' lang='lat' dir='ltr'>contra</span> <span class='ocrx_word' id='word_1_258' title='bbox 1118 2196 1129 2214; x_wconf 96' lang='lat'>‚</span> <span class='ocrx_word' id='word_1_259' title='bbox 1182 2163 1377 2217; x_wconf 69' lang='lat' dir='ltr'>adverficm</span> <span class='ocrx_word' id='word_1_260' title='bbox 1443 2165 1579 2206; x_wconf 85' lang='lat' dir='ltr'>subire</span> 
     </span>
     <span class='ocr_line' id='line_1_46' title="bbox 953 2237 1137 2265; baseline 0 -1"><span class='ocrx_word' id='word_1_261' title='bbox 953 2237 1137 2265; x_wconf 61' lang='lat' dir='ltr'>montem.</span> 
     </span>
    </p>

    <p class='ocr_par' dir='ltr' id='par_1_14' title="bbox 953 2288 1637 2704">
     <span class='ocr_line' id='line_1_47' title="bbox 1017 2288 1576 2343; baseline 0.002 -16"><span class='ocrx_word' id='word_1_262' title='bbox 1017 2288 1038 2327; x_wconf 85' lang='lat'>8</span> <span class='ocrx_word' id='word_1_263' title='bbox 1060 2289 1170 2326; x_wconf 81' lang='lat' dir='ltr'>Circa</span> <span class='ocrx_word' id='word_1_264' title='bbox 1186 2291 1416 2343; x_wconf 72' lang='lat' dir='ltr'>quingentos</span> <span class='ocrx_word' id='word_1_265' title='bbox 1427 2288 1576 2328; x_wconf 81' lang='lat' dir='ltr'>Roma-</span> 
     </span>
     <span class='ocr_line' id='line_1_48' title="bbox 953 2349 1579 2404; baseline 0.008 -17"><span class='ocrx_word' id='word_1_266' title='bbox 953 2364 1085 2388; x_wconf 82' lang='lat' dir='ltr'>norum</span> <span class='ocrx_word' id='word_1_267' title='bbox 1109 2349 1380 2404; x_wconf 73' lang='lat' dir='ltr'>sociorumque</span> <span class='ocrx_word' id='word_1_268' title='bbox 1420 2350 1579 2392; x_wconf 53' lang='lat' dir='ltr'>vigores</span> 
     </span>
     <span class='ocr_line' id='line_1_49' title="bbox 955 2411 1637 2467; baseline 0.006 -17"><span class='ocrx_word' id='word_1_269' title='bbox 955 2413 1196 2467; x_wconf 74' lang='lat' dir='ltr'>ceciderunt]</span> <span class='ocrx_word' id='word_1_270' title='bbox 1216 2413 1315 2452; x_wconf 79' lang='lat' dir='ltr'>Vox</span> <span class='ocrx_word' id='word_1_271' title='bbox 1337 2412 1496 2452; x_wconf 61' lang='lat' dir='ltr'>vifflores</span> <span class='ocrx_word' id='word_1_272' title='bbox 1514 2411 1579 2454; x_wconf 81' lang='lat' dir='ltr'>hic</span> <span class='ocrx_word' id='word_1_273' title='bbox 1628 2423 1637 2427; x_wconf 75' lang='grc'><em>”</em></span> 
     </span>
     <span class='ocr_line' id='line_1_50' title="bbox 957 2473 1584 2516; baseline 0.006 -4"><span class='ocrx_word' id='word_1_274' title='bbox 957 2474 1124 2513; x_wconf 85' lang='lat' dir='ltr'>omnino</span> <span class='ocrx_word' id='word_1_275' title='bbox 1143 2473 1275 2514; x_wconf 81' lang='lat' dir='ltr'>otiosa</span> <span class='ocrx_word' id='word_1_276' title='bbox 1293 2474 1362 2515; x_wconf 84' lang='lat' dir='ltr'>est.</span> <span class='ocrx_word' id='word_1_277' title='bbox 1381 2474 1494 2515; x_wconf 80' lang='lat' dir='ltr'>&#39;Olim</span> <span class='ocrx_word' id='word_1_278' title='bbox 1514 2489 1584 2516; x_wconf 80' lang='lat' dir='ltr'>ex·.</span> 
     </span>
     <span class='ocr_line' id='line_1_51' title="bbox 955 2533 1581 2591; baseline 0.006 -17"><span class='ocrx_word' id='word_1_279' title='bbox 955 2533 1133 2589; x_wconf 68' lang='lat' dir='ltr'>peditius</span> <span class='ocrx_word' id='word_1_280' title='bbox 1167 2538 1296 2576; x_wconf 82' lang='lat' dir='ltr'>multo</span> <span class='ocrx_word' id='word_1_281' title='bbox 1331 2538 1549 2591; x_wconf 76' lang='lat' dir='ltr'>legebatur</span> <span class='ocrx_word' id='word_1_282' title='bbox 1568 2551 1581 2578; x_wconf 76' lang='lat' dir='ltr'>t</span> 
     </span>
     <span class='ocr_line' id='line_1_52' title="bbox 955 2596 1580 2655; baseline 0.008 -19"><span class='ocrx_word' id='word_1_283' title='bbox 955 2596 1500 2655; x_wconf 71' lang='lat' dir='ltr'>Romanorzzmsbciorzcmque</span> <span class='ocrx_word' id='word_1_284' title='bbox 1512 2601 1580 2640; x_wconf 81' lang='lat' dir='ltr'>du-</span> 
     </span>
     <span class='ocr_line' id='line_1_53' title="bbox 956 2661 1304 2704; baseline 0 -4"><span class='ocrx_word' id='word_1_285' title='bbox 956 2662 1059 2700; x_wconf 73' lang='lat' dir='ltr'>centi</span> <span class='ocrx_word' id='word_1_286' title='bbox 1070 2661 1304 2704; x_wconf 70' lang='lat' dir='ltr'>ceciderunt.</span> 
     </span>
    </p>
   </div>
  </div>
 </body>
</html>
