1649 3104
343 110 630 167 INDEX
697 112 1024 168 RERUM.
1218 122 1327 199 ‘422

22 196 163 243 Certis
182 201 335 244 fluvius
355 233 366 253 ,
390 204 496 244 idem
516 202 585 258 qui
604 201 723 243 Baetis
744 233 756 252 ‚
782 202 981 246 XXVIII.
1001 217 1079 251 22·

21 264 148 305 Cetra
168 265 291 318 peltae
311 265 416 304 haud
435 263 625 307 diffimilis
644 296 656 316 ‚
687 263 883 306 XXVIII.
912 279 954 316 5.

20 325 185 366 Chalcis
206 326 389 367 Euboica
409 357 421 377 ‚
446 326 622 368 XXVII.
645 338 716 381 30.
736 325 933 368 XXVIII.
956 341 1000 379 5.

21 387 230 428 Chalcidis
251 386 345 429 fitus
364 417 375 436 ,
406 387 603 431 XXVIII.
626 402 669 440 7.

18 447 178 492 cimbis
199 478 209 496 ,
234 450 351 490 locus
372 464 455 490 non
474 451 621 504 procul
642 465 663 490 a
684 449 865 492 Gadibus
883 480 894 500 ,
917 448 1117 491 XXVIII.
1141 462 1210 505 37.

17 508 66 554 Ι..
86 510 253 552 Cincius
273 511 505 553 Alimentus
526 521 680 565 praetor
697 544 709 563 ,
737 511 900 554 XXVI.
922 524 993 566 23.
1020 513 1057 553 ei
1080 511 1321 555 Cannenses

80 573 232 612 milites
267 574 349 613 dati
371 604 385 623 ,
421 575 492 615 28.
525 575 565 615 in
599 587 743 615 annum
777 583 1024 630 prorogatur
1055 574 1268 628 imperium
1283 623 1286 626 Δ
1301 606 1316 627 ,

80 632 261 676 XXViI.
282 649 308 686 7
345 637 507 690 legatus
524 666 538 684 ,
569 648 642 690 29.

18 693 82 738 Μ.
106 695 272 737 Cincius
302 696 534 739 Alimentus
562 698 656 737 trib.
686 697 743 751 pl.
773 698 823 738 ad
851 695 1088 752 Scipionem
1108 697 1284 738 mittitur
1305 724 1319 748 ,

83 757 237 798 XXIX.
263 771 333 799 20.

22 817 169 860 Circus
204 819 421 861 Flaminius
447 847 459 869 ,
493 818 708 862 XXVII.
743 833 815 862 21.
850 819 890 860 in
926 833 978 860 eo
1013 835 1080 862 ara
1103 819 1287 876 Neptuni
1308 849 1323 872 ,

81 880 278 922 XXVIII.
312 894 326 923 1
342 895 383 923 1.

17 939 62 986 in
92 942 216 982 Circo
243 943 325 982 ludi
355 956 431 997 per
459 942 715 996 quatriduum
743 941 835 983 faffi
854 972 866 992 ,
897 941 1054 983 XXX.
1086 955 1157 995 27.
1192 942 1318 984 Circo

79 1003 274 1044 inundato
293 1036 302 1054 ‚
324 1005 406 1045 ludi
422 1003 685 1058 Apollinares
709 1014 822 1044 extra
842 1014 1005 1059 portam
1024 1005 1230 1046 Collinam
1250 1019 1323 1059 pa-

80 1066 158 1105 rati
180 1098 190 1114 ,
219 1065 360 1106 XXX.
389 1066 459 1118 38.

18 1127 135 1170 cirta
155 1137 275 1180 caput
293 1128 408 1183 regni
429 1125 628 1182 Syphacis
647 1156 657 1175 ,
683 1127 819 1169 XXX.
847 1139 915 1167 12.
936 1127 977 1168 se
997 1128 1109 1168 dedit
1128 1125 1322 1170 Masmif·

81 1188 133 1229 sae
150 1220 160 1239 ,
187 1187 284 1230 ibid.
307 1203 394 1228 eam
417 1188 624 1228 Mafinissae
644 1189 768 1232 donat
788 1189 925 1243 Scipio
945 1220 957 1241 ,
981 1203 1057 1241 44.

19 1250 193 1292 Clamor
215 1250 255 1289 in
283 1251 432 1304 proelio
451 1280 463 1297 ,
492 1249 631 1290 XXX.
663 1263 734 1304 34.

19 1312 254 1364 Clampetia
269 1345 280 1362 ‚
309 1312 349 1352 in
368 1311 537 1374 Bruttiis
553 1343 565 1362 ,
594 1313 751 1366 capitur
770 1326 791 1353 a
811 1310 1005 1354 Romanis
1025 1343 1037 1364 ,
1063 1310 1219 1354 XXIX.
1247 1307 1320 1365 38·

82 1374 216 1415 XXX.
246 1385 259 1413 1
305 1405 315 1415 .

19 1434 161 1478 Claffis
182 1389 328 1475 Puni9ca
358 1433 484 1476 vastat
504 1432 724 1475 Sardiniam
742 1465 757 1483 ‚
783 1433 996 1479 XXVII.
1023 1435 1066 1478 6.
1092 1434 1270 1476 vincitur
1294 1447 1319 1477 a

80 1497 262 1538 Romana
280 1528 292 1548 ‚
321 1508 392 1545 29.
420 1495 457 1534 ἃ
481 1495 687 1538 XXVIII.
716 1509 761 1547 4.

6 1557 164 1606 *Classis
182 1559 247 1598 (lie
265 1556 567 1614 quadragesimo
587 1559 730 1613 quinto
748 1589 759 1609 ‚
784 1572 900 1613 quam
921 1572 973 1599 ex
993 1558 1127 1613 Sylvis
1147 1556 1320 1600 materia

80 1621 260 1663 detra&
289 1630 377 1661 erat
397 1621 436 1659 in
458 1634 598 1674 aquam
626 1620 840 1660 deducitur
857 1651 871 1671 ,
888 1620 1098 1663 XXVIII.
1117 1634 1192 1672 45.
1216 1634 1318 1673 pro-

80 1682 275 1723 ficiscitur
293 1684 395 1722 duce
415 1682 609 1734 Scipione
628 1681 671 1723 in
687 1681 867 1721 Africam
885 1713 897 1731 ,
922 1682 1078 1723 ΧΧΙΧ.
1100 1695 1152 1734 25
1174 1712 1185 1731 ,
1212 1682 1287 1724 26.

20 1743 191 1788 Claudia
209 1744 363 1800 Quinta
383 1753 565 1783 matrona
584 1774 594 1793 ,
615 1745 662 1784 ab
682 1743 958 1784 sacerdotibus
976 1743 1122 1785 Idaeam
1135 1743 1319 1788 Matrem

81 1807 229 1859 accipit
250 1837 260 1855 ,
288 1804 444 1853 XXIX.
469 1817 536 1852 14.
559 1804 647 1858 ejus
670 1805 863 1858 pudicitia
881 1836 892 1855 ,
920 1803 1020 1848 ibid.

19 1866 101 1923 Ap.
121 1867 316 1911 Claudius
335 1866 420 1906 cos.
439 1867 677 1907 vulneratur
694 1897 706 1918 ‚
725 1865 882 1911 XXVI.
902 1866 944 1908 6.
964 1866 1137 1918 {noritur
1155 1865 1226 1907 sub
1247 1865 1323 1906 de-

81 1930 280 1970 ditionem
307 1927 459 1981 Capuae
477 1958 489 1978 ,
525 1928 595 1970 16.

23 1990 76 2032 C.
100 1990 295 2031 Claudius
315 2022 325 2035 ,
347 1989 494 2029 {lamen
509 1987 643 2030 Dialis
660 2020 672 2039 ‚
696 1986 854 2033 XXVI.
879 1999 950 2042 23.
972 1986 1083 2045 quod
1104 1998 1197 2031 exta
1217 2001 1321 2045 per-

82 2067 219 2106 peram
240 2051 409 2090 dederat
427 2081 438 2101 ,
464 2050 564 2089 abiit
581 2050 760 2095 flaminio
780 2082 790 2100 ,
819 2050 915 2092 ibid.

22 2112 74 2157 C.
97 2114 292 2155 Claudius
312 2112 425 2151 Nero
445 2112 619 2151 mittitur
639 2112 678 2151 in
697 2112 930 2166 Hispaniam·
948 2143 959 2162 ‚
978 2111 1136 2154 XXVI.
1163 2124 1230 2165 17.
1251 2112 1319 2152 de·

81 2176 233 2215 luditur
254 2175 302 2213 ab
321 2172 545 2213 Asdrubale
562 2205 574 2224 ‚
593 2173 690 2212 ibid.
710 2175 866 2229 legatus
884 2206 895 2226 ‚
913 2172 1112 2215 XXVIII.
1141 2186 1207 2226 14.
1228 2173 1316 2215 cos.

84 2250 155 2292 34.
183 2250 272 2275 cum
302 2233 504 2274 Annibale
531 2248 613 2275 non
639 2234 764 2275 semel
795 2236 1058 2292 congreditur
1078 2267 1089 2286 ,
1119 2250 1173 2287 41
1199 2267 1209 2285 ‚
1240 2250 1316 2286 42.

80 2297 227 2339 reli-sto
247 2296 446 2338 Annibale
464 2296 513 2335 ad
530 2295 796 2337 Asdrubalem
821 2306 1019 2350 properat
1036 2329 1046 2347 ,
1077 2307 1150 2348 43.
1172 2297 1218 2336 ad
1237 2296 1317 2335 mi-

81 2360 177 2400 lites
201 2357 429 2398 orationem
449 2358 575 2398 habet
591 2389 602 2407 ,
628 2371 702 2409 45.
724 2358 887 2401 devicto
907 2359 1133 2399 Asdrubale
1156 2358 1201 2397 ad
1222 2357 1318 2398 An-

81 2422 259 2462 nibalem
274 2419 520 2467 revertitur,
543 2433 611 2471 50.
628 2429 749 2473 caput
759 2420 994 2461 Asdrubalis
1011 2429 1104 2459 ante
1123 2419 1316 2462 stationes

81 2481 254 2523 hostium
274 2479 421 2534 projici
447 2477 595 2532 jubet,
627 2494 696 2533 5¹·
721 2482 827 2523 redit
845 2482 891 2523 ad
912 2482 1051 2521 urbem
1071 2512 1084 2531 ,
1112 2480 1318 2523 XXVIII.

76 2558 127 2601 ⁷9.
150 2558 256 2598 equo
279 2542 500 2594 triumphat
518 2541 598 2581 fine
619 2542 813 2583 militibus
833 2572 845 2591 ,
876 2542 928 2583 ib.
950 2542 1096 2582 censor
1116 2574 1127 2592 ‚
1155 2541 1320 2596 XXIX,

88 2615 156 2657 37.
179 2604 266 2658 ejus
291 2602 571 2655 intempestiva
591 2603 820 2644 severitatis
842 2603 1007 2657 jaftatio
1026 2635 1036 2653 ‚
1062 2603 1162 2650 ibici.

20 2663 69 2713 P.
97 2666 289 2709 Claudius
307 2695 321 2714 ,
349 2664 565 2720 praefeRus
589 2665 742 2708 socium
760 2696 773 2718 ,
796 2665 974 2717 XXVII.
996 2677 1075 2720 41.
