1649 3104
285 109 636 170 LIBER
720 109 1110 172 XXVIII.
1229 128 1338 191 197

39 219 313 258 venturum.
362 208 503 258 Hunc
555 223 852 257 conventum
905 226 954 258 ut
1002 211 1212 258 turbaret
1263 208 1332 258 su·
1354 192 1442 294 UC‘
1432 202 1544 243 ‘545‘

38 276 143 327 bito
167 277 409 333 adventU‚
441 280 625 343 magnis
657 278 902 324 itineribus
934 278 1217 325 Heracleam
1247 261 1388 325 du1-a
1447 258 1545 299 ²⁶7⁰

38 347 138 393 xit:
176 345 227 393 &
257 346 466 393 concilio
497 346 694 411 quidem
719 342 946 391 dimisio
936 362 1031 408 jam
1066 347 1233 402 venit3
1271 346 1337 393 se-

39 411 227 478 getibus
253 426 451 469 tamen,
489 431 595 479 quae
633 429 786 477 prope
826 414 1146 460 maturitatem
1177 428 1336 471 erant,

40 480 246 527 maxime
266 479 367 545 (4)
359 498 404 527 1n
425 478 522 528 sinu
545 480 803 528 AEnianutn
822 478 1050 538 vastatis,
1071 477 1337 527 Scotussam

39 549 203 611 copias
240 549 440 597 reducit.
474 547 544 595 Ibi
576 550 787 597 exercitu
824 549 955 596 omni
991 546 1190 602 relicto,
1224 560 1334 594 cum

40 616 244 662 cohorte
290 618 418 681 regia
455 615 828 664 Demetriadem
861 614 956 663 sese
991 616 1177 681 recipit.
1217 613 1338 662 Inde

40 696 93 730 ut
132 682 191 730 ad
228 700 396 730 omnes
426 682 629 731 hostium
664 698 826 730 motus
859 681 1013 749 poffet
1051 698 1344 738 occurrere,

39 751 88 798 in
118 749 413 807 Phocidem,
446 765 586 814 atque
624 749 859 798 Euboetm
883 787 896 809 ‚
933 751 984 799 &
1024 750 1347 816 Peparethum

41 819 217 875 mittit,
249 820 327 883 qui
361 820 466 866 loca
498 819 587 864 alta
619 819 879 882 elicerent,
915 818 1039 866 tmtle
1067 818 1181 866 editi
1210 822 1346 884 ignes

23 900 357 951 apparerent:
395 885 494 950 ipse
527 889 573 933 in
603 885 694 933 Tis
672 889 770 934 loeo
806 885 982 950 (mons
1012 885 1115 934 est
1106 904 1151 932 1n
1186 887 1348 933 altitu·

40 953 206 1002 dinem
235 955 479 1019 ingentem
510 956 766 1002 cacuminis
800 953 949 1018 editi)
979 953 1219 1019 speculam
1254 971 1346 1019 po-

40 1019 165 1081 suit3
212 1036 262 1069 ut
307 1021 490 1086 ignibus
543 1021 709 1084 procul
750 1020 941 1068 sublatis
994 1021 1214 1087 signum,
1262 1023 1347 1070 ubi

43 1089 159 1154 quid
207 1090 492 1137 molirentur
540 1088 700 1137 hostes
737 1124 752 1146 ‚
800 1105 1052 1137 momento
1108 1092 1345 1155 temporis

42 1159 300 1222 acciperet.
342 1156 588 1205 Romanus
633 1159 894 1222 imperator
939 1158 989 1206 δὲ
1027 1157 1220 1205 Attalus
1263 1175 1347 1206 rex

44 1242 72 1273 a
103 1223 370 1288 Peparetho
405 1222 622 1273 Nicaeam
655 1222 972 1289 trajecerunt:
1007 1225 1116 1273 inde
1155 1224 1348 1274 classem

42 1290 92 1341 in
134 1291 369 1340 Euboeam
413 1292 472 1340 ad
510 1292 678 1340 urbem
730 1291 919 1341 Oreum
975 1292 1296 1342 transmittunt
1330 1310 1345 1352 ;

45 1377 148 1427 quae
182 1359 239 1407 ab
269 1358 579 1408 Demetriaco
612 1359 711 1408 smu
733 1358 1018 1409 Chalcidem
1042 1363 1092 1409 ὃ(
1117 1361 1243 1409 Euri
1233 1380 1292 1426 pu
1300 1379 1328 1408 ι
1319 1381 1349 1408 1

43 1429 261 1503 petenti,
298 1427 355 1475 ad
393 1428 483 1475 lvx
489 1446 563 1475 am
598 1430 750 1493 prima
782 1428 971 1476 urbium
1011 1428 1208 1477 Euboeae
1249 1447 1345 1494 pom

44 1493 132 1544 fita
167 1494 249 1545 est.
282 1495 352 1543 Ita
385 1496 507 1544 inter
543 1497 754 1543 Attalum
786 1514 838 1543 ac
870 1494 1129 1562 Sulpicium
1165 1514 1344 1546 conve.a

41 1564 150 1623 nit,
184 1577 236 1613 ut
269 1563 479 1612 Romani
511 1581 535 1612 a
563 1566 708 1624 mari,
743 1565 861 1632 regii
886 1582 913 1612 a
946 1581 1070 1612 terra
1100 1583 1265 1633 Oppuo
1224 1582 1345 1614 ,³033-

42 1645 164 1680 rent.

112 1698 198 1747 VI.
237 1697 512 1764 Quatriduo
552 1699 802 1766 postquam
834 1701 1026 1767 appulsa
1061 1699 1209 1749 claffis
1243 1699 1342 1761 est,
1415 1688 1556 1760 Quum

44 1767 216 1815 urbem
250 1766 446 1834 aggresh
487 1766 627 1816 sunt:
676 1770 724 1817 id
766 1785 954 1835 tempus
993 1771 1194 1818 occultis
1230 1788 1342 1818 cum
1365 1762 1541 1834 captant.

36 1833 264 1893 Platore,
299 1837 379 1901 qui
415 1853 440 1883 a
482 1835 700 1902 Philippo
738 1836 1019 1903 praepositus
1056 1838 1158 1885 urbi
1199 1852 1341 1897 erat,
1365 1813 1556 1853 Romam.

42 1903 300 1970 colloquiis
338 1902 638 1970 absumptum
673 1903 752 1953 est.
785 1904 922 1953 Duas
954 1922 1086 1953 arces
1121 1906 1232 1953 urbs
1265 1907 1345 1953 ha-

43 1971 158 2030 bet‚
212 1988 357 2019 unam
412 1974 662 2020 imminent
668 1990 744 2020 em
800 1976 918 2020 mari
952 2011 967 2032 ,
1019 1973 1164 2022 altera
1215 1974 1341 2022 urbis

43 2040 202 2089 media
241 2037 348 2087 est:
387 2040 608 2088 cuniculo
652 2041 762 2088 inde
804 2042 883 2088 via
919 2041 978 2088 ad
1008 2058 1138 2090 mare
1177 2041 1342 2100 ducit,

44 2125 189 2174 quam
216 2124 241 2155 a
269 2106 387 2154 mari
417 2109 556 2155 turris
585 2109 793 2175 quinque
823 2109 1180 2168 tabulatorum,
1213 2127 1293 2176 eg
1299 2127 1344 2158 e

44 2178 175 2242 gium
231 2175 678 2241 ptmopugnaculum
743 2176 1015 2225 claudebat.
1066 2177 1139 2225 Ibi
1186 2179 1342 2242 ptimo

43 2240 384 2292 atrociffimum
414 2242 708 2291 contrachtm
740 2243 807 2291 est
843 2259 1084 2293 certamen
1108 2283 1122 2305 ‚
1162 2247 1213 2294 ὃ(
1245 2261 1344 2292 tur-

44 2327 96 2358 re
128 2309 346 2359 instructa
373 2311 506 2358 omni
546 2328 722 2378 genere
763 2311 999 2371 telorum,
1035 2314 1086 2361 ὃ(
1123 2329 1343 2360 tormen-

43 2381 102 2427 tis
132 2375 451 2444 machinisque
483 2377 543 2427 ad
577 2380 951 2446 oppugnandam
985 2397 1089 2428 eam
1122 2397 1179 2428 ex
1211 2382 1344 2429 navi-

109 2548 137 2587 4
170 2533 213 2574 In
227 2531 316 2586 finu
346 2533 602 2587 AEnz'anum]
631 2533 667 2573 Is
724 2543 791 2574 tur
803 2535 850 2574 ab
871 2533 1086 2575 AEnianum
1109 2542 1232 2588 gente
1247 2534 1350 2575 vici-

50 2596 105 2638 est
154 2596 256 2636 smus
299 2595 502 2635 Maliacus
547 2596 669 2635 etiam
726 2610 787 2636 na.
810 2597 930 2635 Sinus
956 2605 1091 2635 autem
1114 2596 1178 2635 hic
1200 2596 1348 2637 dicitur

48 2658 174 2700 dietus
194 2656 420 2700 Lamirzcus.
450 2656 515 2698 Sic
543 2670 668 2699 voca·
727 2672 803 2712 pro
827 2657 948 2697 terris
974 2657 1080 2696 circa
1103 2655 1242 2701 finum.

968 2715 991 2764 Ι
1026 2714 1073 2781 iij
