1649 3104
309 125 664 185 LIBER
745 124 1032 183 XXIX.
1193 143 1309 204 339

15 222 172 290 ‘noetis
208 224 450 291 prosefius
483 223 595 272 inde
629 218 824 283 consul,
861 222 1096 290 praemisso
1139 221 1504 284 nuncioU·9-54S

19 292 84 340 ad
118 291 168 342 P.
198 293 430 343 Licinium
469 289 837 357 proconsulem,
874 305 927 339 ut
963 291 1065 339 suas
1095 279 1522 356 legionesa-52³4·

7 357 338 421 admoveret,
375 362 537 427 copias
580 356 857 423 conjunxit:
894 360 957 407 ita
995 360 1093 407 duo
1132 361 1275 408 duces
1299 397 1315 420 ,

25 426 124 476 duo
169 429 403 477 exercitus
453 427 514 475 ad
563 426 855 475 A'nnibalem
899 427 1181 475 redierunt:
1225 444 1316 475 nec

29 511 167 544 mora
201 495 467 544 dimicandi
511 493 625 542 fasta
668 492 770 554 est3
815 511 964 561 quum
1009 492 1191 543 consuli
1231 494 1321 542 du-

26 563 214 628 plicatae
248 567 402 620 vires,
441 562 591 611 Poeno
624 578 790 610 recens
822 561 1021 611 vffioria
1050 563 1209 609 animo
1244 560 1321 609 es-

27 629 109 680 set.
156 630 208 679 In
253 634 455 696 primam
498 631 650 678 aciem
691 628 791 677 suas
832 629 1048 695 legiones
1083 628 1321 694 Sempro-

30 699 136 747 nius
168 699 388 747 induxit:
427 700 474 745 in
511 695 721 745 subsidiis
756 696 924 745 locatae
955 698 1005 747 P.
1037 696 1205 745 Licinii
1247 697 1322 744 le-

26 766 215 834 giones.
238 765 418 816 Consul
449 765 686 832 principio
710 781 883 830 pugnae
913 766 1069 814 aedem
1098 762 1176 831 (3)
1205 763 1320 812 For·
1349 767 1529 810 Anniba·

26 847 156 884 tunae
185 834 481 900 Primigeniae
513 832 689 890 vovit,
721 830 754 879 fi
784 848 844 881 eo
875 832 953 880 die
983 831 1142 881 hostes
1175 831 1410 880 fadis-lem
1443 835 1528 873 acie

28 900 133 960 set3
176 900 475 968 composque
518 898 620 965 ejus
662 900 767 948 voti
807 899 908 949 fuit.
946 899 1051 949 Fufi
1087 918 1140 949 ac
1177 899 1324 966 fugati
1340 896 1481 935 vincit.

31 967 169 1019 Poeni
201 989 211 1019 :
244 968 379 1036 supra
417 983 621 1036 quatuor
652 968 799 1016 millia
833 983 1128 1017 armatorum
1168 969 1286 1017 caesa
1315 987 1330 1019 ε

35 1036 180 1103 paulo
214 1040 368 1086 minus
401 1037 603 1085 trecenti
631 1037 733 1083 vivi
770 1037 895 1099 capti
917 1072 932 1092 ‚
975 1037 1027 1085 &
1057 1037 1167 1102 equi
1201 1053 1324 1102 qua-

34 1104 279 1172 draginta,
313 1105 366 1155 &
394 1105 618 1153 undecim
649 1104 865 1152 militaria
901 1102 1045 1170 signa.
1080 1102 1326 1153 Perculsus

32 1172 235 1223 adverso
270 1171 443 1241 proelio
476 1170 718 1230 Annibal,
755 1169 1027 1221 Crotonem
1062 1173 1329 1221 exercitum

35 1239 250 1291 abduxit.
294 1240 484 1290 Eodem
526 1255 751 1306 tempore
792 1238 864 1287 M.
911 1238 1169 1289 Cornelius
1204 1257 1326 1288 con-
1398 1249 1536 1290 Coma·

35 1307 138 1368 sul,
186 1310 233 1357 in
276 1309 421 1357 altera
466 1323 600 1375 parte
646 1307 790 1356 Italiae
817 1345 831 1365 ‚
869 1325 966 1356 non
1008 1322 1106 1356 tam
1146 1310 1423 1366 armis‚lius
1455 1310 1533 1365 cos.

34 1375 181 1442 quam
227 1374 517 1441 judiciorum
561 1391 744 1424 terrore
792 1374 1029 1424 Etruriam
1074 1372 1462 1433 continet,Em1-

35 1456 189 1493 totam
235 1443 386 1493 ferme
430 1445 490 1492 ad
540 1443 806 1510 Magonem
834 1481 849 1502 ‚
890 1462 942 1493 ac
983 1460 1071 1511 per
1106 1461 1218 1492 eum
1266 1444 1325 1492 ad
1342 1436 1536 1549 {gaft-⁰5⁸

22 1509 169 1577 ‘spem
202 1512 416 1562 novandi
444 1530 519 1561 res
539 1550 552 1570 ‚
591 1510 788 1562 versam.
822 1510 912 1560 Eas
944 1510 1229 1576 quaestiones
1267 1530 1328 1561 ex
1347 1559 1520 1597 continet

1522 1583 1535 1600 .

37 1578 440 1630 senatusconsulto
480 1579 557 1645 (4)
599 1579 795 1629 minime
830 1580 1084 1628 ambitiose
1118 1580 1283 1630 habuit
1315 1597 1329 1630 ε

21 1648 273 1713 ‘multique
308 1646 496 1697 nobiles
530 1646 750 1708 Etrusci,
785 1648 867 1714 qui
903 1663 981 1696 aut
1014 1646 1101 1713 ipsi
1140 1650 1293 1697 ierant
1317 1685 1336 1710 ‚

19 1731 119 1768 ‚aut
147 1715 370 1765 miserant
401 1716 460 1764 ad
498 1715 764 1782 Magonem
798 1716 857 1764 de
895 1716 1188 1783 populorum
1221 1714 1337 1766 suo-

42 1801 149 1834 rum
200 1782 508 1843 defefflone,
555 1784 711 1850 primo
756 1781 1009 1849 praesentes
1046 1798 1179 1832 erant
1216 1802 1338 1834 con-

20 1844 285 1911 ¹demnati3
323 1850 489 1917 postea
513 1889 527 1912 ,
564 1851 856 1901 conscientia
895 1850 1172 1919 sibimetipsi
1209 1851 1338 1902 exsi-

40 1919 157 1971 lium
209 1918 595 1979 consciscentes,
652 1937 801 1986 quum
854 1918 1069 1968 absentes
1124 1920 1338 1970 damnati

26 1987 222 2048 essent,
273 1987 557 2053 corporibus
611 1985 891 2046 sufflraffis,
938 1987 1067 2036 bona
1112 1990 1339 2049 tantum,

43 2073 149 2124 quae
189 2055 423 2123 publicari
460 2068 714 2122 poterant,
740 2054 818 2122 (5)
855 2055 1151 2123 pignoranda
1179 2074 1341 2124 poenae

39 2124 334 2193 praebebant.

50 2197 53 2199 ’
106 2189 420 2242 XXXVII.
454 2188 590 2240 Dum
625 2190 726 2242 haec
754 2189 972 2241 consules
1015 2188 1215 2242 diversis
1250 2206 1334 2242 re-

105 2309 126 2352 3
164 2293 342 2338 Fortunae
375 2287 618 2349 Primigenia
634 2294 653 2349 ]
716 2293 919 2349 quodnam
932 2291 1128 2348 cujusque
1141 2294 1331 2335 meritum

44 2351 223 2402 Fortuna
235 2356 472 2413 Primigenia
487 2356 588 2396 dieta
598 2356 656 2397 vi·
720 2355 846 2397 esset:
868 2370 949 2397 uno
967 2356 1095 2396 verbo
1110 2387 1121 2405 ,
1139 2353 1304 2397 severe·

45 2421 166 2470 detur
185 2432 233 2460 ea
248 2450 262 2467 ,
281 2433 368 2474 quae
393 2417 565 2473 primum
584 2433 655 2459 na·
783 2431 802 2470 5
835 2415 1093 2474 Pignoranda
1108 2430 1226 2471 poenae
1243 2429 1335 2472 pre·

30 2477 97 2526 ‘tis
119 2479 251 2522 adesse
273 2481 527 2523 crederetur.
721 2478 884 2533 bebant]
916 2478 1175 2531 Subjicienda
1199 2490 1336 2531 poenae

29 2534 39 2603 ’ὓ
109 2559 136 2593 4
153 2541 320 2585 Minime
339 2539 547 2582 ambitiose
563 2543 578 2595 ]
597 2541 660 2582 Ita
721 2543 961 2597 praebebant
977 2569 991 2588 ,
1037 2549 1225 2593 tanquam
1263 2539 1341 2579 ali·

50 2606 97 2647 u't
121 2605 292 2647 neminis
326 2605 493 2659 gratiam
525 2612 662 2656 capta·
724 2603 833 2658 qued
866 2602 1007 2656 pignus
1040 2614 1115 2653 pro
1147 2600 1340 2654 corpori-2

23 2675 142 2720 μετ,
164 2666 231 2709 sed
251 2665 452 2723 spectaret
475 2663 630 2709 tantum
650 2694 664 2720 ,
725 2667 800 2708 bus
818 2696 830 2719 ‚
853 2678 939 2719 quae
961 2664 1264 2710 subtraxerant.

966 2720 1069 2791 Pii
