1649 3104
294 117 654 174 LIBER
735 114 1066 173 XXVII.
1220 130 1335 187 107

29 214 169 283 pinus
183 210 401 280 Capuam
415 249 429 271 ‚
445 210 506 262 C.
527 211 879 262 Aurunculeius
897 212 1175 261 Sardiniam.
1189 210 1332 261 Exer-
1348 212 1545 277 U.<3.543.

28 285 147 333 citus
177 284 241 330 ita
268 299 354 349 per
384 282 658 346 provincias
693 279 846 328 divifi.
890 280 1065 329 Fulvio
1108 281 1214 328 duae
1254 280 1330 328 le-
1351 270 1543 321 a.(,.209.

60 353 194 400 iones
213 388 225 409 ‚
259 367 373 415 quas
398 351 446 396 in
476 346 631 397 Sicilia
656 348 728 397 M.
756 348 976 396 Valerius
999 348 1223 395 Laevinus
1250 348 1334 396 ha-

27 367 169 467 {eret
203 436 218 477 ;
250 417 319 480 Ω
351 416 503 467 Fabio
522 455 535 476 ‚
558 417 727 483 quibus
747 418 803 463 in
833 415 1022 464 Etruria
1055 413 1115 462 C.
1137 413 1333 479 Calpur-

29 488 135 535 nius
169 484 421 551 praefuiss'et
445 523 457 541 ,
490 485 709 533 decretae.
751 484 998 532 Exercitus
1037 483 1240 530 urbanus
1283 496 1335 532 ut

31 554 79 602 in
114 553 352 603 Etruriam
394 551 670 601 succederet
703 571 712 601 ε
749 551 803 601 C.
841 550 1130 615 Calpurnius
1171 551 1334 598 eidem

33 620 249 689 praeesset
268 623 527 688 provinciae
551 622 874 686 exercituique
894 617 1139 686 :Capuam
1163 619 1339 666 exerci-

33 703 233 756 tumque
254 706 424 756 ‚quem
445 687 512 752 Ω.
535 688 729 736 Fulvius
749 686 998 743 habuisset,
1014 685 1075 734 T.
1101 685 1338 750 Quintius

36 759 278 806 obtineret
298 774 308 805 :
341 756 417 823 (2)
441 756 729 804 L.Veturius
748 756 806 803 ab
822 754 880 804 C.
899 755 1106 803 Laetorio
1130 772 1341 819 oroprae·

30 838 137 875 tore
159 825 458 891 provinciam
477 826 834 889 exercitumque
852 860 866 881 ‚
886 826 966 890 qui
988 840 1090 872 tum
1109 821 1202 884 jam
1224 821 1338 869 Ari-

35 894 150 942 mini
169 909 294 951 erat,
312 893 550 957 acciperet
588 891 660 939 M.
687 892 927 939 Marcello
944 929 958 949 ‚
982 891 1151 957 quibus
1176 888 1342 939 consul

32 961 158 1011 bene
185 978 287 1009 rem
308 958 530 1025 gesserat,
554 960 769 1027 legiones
789 961 1015 1007 decretae:
1045 959 1114 1007 M.
1136 958 1342 1008 Valerio

34 1047 145 1078 cum
171 1029 226 1078 L.
263 1027 436 1077 Cincio
474 1029 583 1085 (his
620 1045 816 1094 quoque
851 1027 916 1076 est
952 1029 1080 1075 enim
1107 1043 1336 1094 proroga-

35 1111 142 1147 tum
177 1099 227 1145 in
258 1095 416 1145 Sicilia
459 1097 752 1162 imperium)
788 1094 1052 1145 Cannensis
1102 1097 1343 1144 exercitus

40 1165 220 1223 datus;
257 1181 463 1229 eumque
500 1163 717 1230 supplere
760 1181 818 1212 ex
864 1164 1092 1212 militibus
1117 1200 1130 1222 ‚
1164 1164 1243 1228 qui
1280 1179 1345 1211 ex

36 1232 307 1300 legionibus
343 1230 435 1281 Cn.
482 1232 639 1280 Fulvii
692 1231 979 1297 superessent
1006 1271 1021 1291 ,
1053 1230 1171 1298 juffi.
1209 1229 1346 1280 Con-

38 1300 236 1368 quifitos
259 1319 344 1350 eos
362 1337 376 1359 ‚
396 1300 613 1349 consules
640 1303 685 1348 in
716 1299 923 1348 Siciliam
957 1300 1181 1349 miserunt
1212 1317 1226 1358 ·,
1261 1299 1344 1348 ad-

39 1367 233 1436 ditaque
267 1369 437 1417 eadem
470 1369 644 1417 militiae
678 1371 968 1434 ignominia,
998 1369 1080 1416 sub
1104 1386 1194 1434 qua
1218 1366 1344 1416 Can-

35 1437 204 1486 nenses
244 1438 547 1493 militabant,
583 1439 758 1504 quique
799 1455 856 1485 ex
898 1436 977 1503 (3)
1001 1438 1219 1503 praetoris
1243 1434 1343 1484 Cn.

36 1505 195 1555 Fulvii
231 1507 439 1554 exercitu
460 1542 473 1563 ‚
503 1505 568 1554 ob
605 1505 761 1553 similis
791 1509 907 1552 iram
944 1504 1097 1571 fugae,
1125 1501 1245 1551 miffi
1278 1504 1341 1552 eb

39 1573 99 1622 ab
133 1573 294 1622 senatu
336 1572 539 1621 fuerant.
590 1571 646 1622 C.
682 1572 1011 1621 Aurunculeio
1057 1572 1243 1620 eaedem
1293 1574 1344 1620 in

39 1641 254 1691 Sardinia
288 1642 501 1709 legiones
520 1680 530 1697 ,
553 1641 723 1708 quibus
746 1641 795 1689 P.
824 1641 1030 1690 Manlius
1050 1640 1199 1689 Vulso
1235 1657 1343 1688 eam

38 1712 342 1777 provinciam
377 1710 678 1767 obtinuerat,
711 1710 933 1758 decretae.
961 1710 1037 1777 (4)
1064 1707 1347 1773 P.St1lpicio

41 1777 213 1827 eadem
253 1779 443 1844 legione
486 1777 750 1844 eademque
804 1777 941 1826 claffe
999 1777 1347 1826 Macedoniam

42 1846 262 1894 obtinere
284 1844 428 1908 jusso,
462 1863 775 1913 prorogatum
797 1849 843 1894 in
870 1864 1044 1894 annum
1067 1847 1347 1911 imperium.

46 1912 262 1983 Triginta
301 1916 671 1982 quinqueremes
704 1933 763 1963 ex
794 1913 951 1964 Sicilia
986 1913 1256 1963 Tarentum
1286 1911 1350 1962 ad

106 2053 131 2081 2
153 2039 198 2079 L.
223 2038 402 2080 Veturius
432 2040 480 2079 ab
499 2042 543 2080 C.
577 2041 659 2082 Lae-
784 2054 813 2092 4
836 2039 885 2080 P.
907 2038 1090 2093 Sulpicio
1121 2039 1255 2080 eadem
1284 2038 1346 2078 [ε-

44 2103 176 2154 torz'o]
196 2102 254 2141 Ita
269 2099 455 2142 ‘dedimus
474 2117 548 2155 pro
567 2105 659 2142 vul-
722 2105 837 2159 gione
871 2102 1071 2154 eademque
1092 2099 1208 2154 claffe
1225 2104 1240 2156 ]
1255 2101 1348 2140 An-

47 2173 142 2217 gato
187 2162 237 2203 C.
289 2162 502 2203 Hostilius.
551 2164 662 2204 Nihil
727 2181 779 2205 no
794 2165 1004 2217 superiore
1020 2164 1224 2217 Sulpicius
1242 2177 1350 2203 exer-

50 2225 158 2264 enim
193 2224 365 2265 Hostilio
397 2225 562 2278 praetori
593 2241 662 2266 ur·
729 2230 846 2266 citum
872 2240 1019 2266 omnem
1040 2224 1351 2280 ,praeterfocios

48 2286 156 2327 bano
184 2302 270 2326 cum
292 2287 452 2328 Gallia:
476 2297 518 2328 at
537 2289 667 2329 Vetu·
730 2289 893 2329 navales
908 2321 917 2337 ‚
934 2286 1054 2341 juffus
1068 2290 1256 2327 dimittere
1273 2285 1352 2336 est,

47 2346 113 2388 rio
136 2348 310 2388 Galliam
349 2349 526 2390 evenisse
546 2353 667 2403 paulo
732 2352 823 2406 quia
868 2348 998 2404 claffi5
1034 2349 1142 2402 finis
1183 2345 1269 2400 effet
1295 2347 1354 2386 ad

37 2419 144 2450 ante
172 2411 289 2452 dixit.
306 2411 414 2452 Vide
432 2413 534 2454 infra
551 2426 667 2467 capp.
733 2415 936 2454 arcendum
953 2412 1079 2452 Italic}
1091 2425 1224 2466 regem.
1244 2408 1353 2448 Cum

53 2482 109 2514 10
136 2472 178 2513 ὃ(
202 2487 273 2514 22.
731 2476 794 2527 his
819 2490 865 2516 ea
884 2476 1107 2516 conciliare
1128 2504 1138 2522 ‚
1158 2485 1248 2525 quae
1269 2471 1355 2510 hoe

114 2546 136 2588 3
174 2533 359 2575 Praetoris
396 2540 465 2577 Ca.
501 2537 667 2591 Fulvii]
733 2539 830 2579 loco
863 2540 1033 2592 legimus
1056 2567 1067 2584 ‚
1101 2548 1175 2573 nec
1210 2529 1352 2588 poffik-

47 2589 249 2637 Triennio
269 2598 365 2650 ante
383 2598 488 2638 circa
508 2599 673 2642 Herdo-
734 2614 823 2642 mus
843 2631 856 2653 ‚
880 2613 957 2640 nee
981 2609 1193 2638 conamur.

51 2668 172 2699 neam
193 2659 242 2701 ab
263 2659 465 2704 Annibale
486 2661 599 2706 viui.

965 2730 1097 2799 Evj
