1649 3104
279 104 1047 168 LrssssRXXVL'
1239 128 1316 190 71

10 215 171 253 *naves
190 237 206 262 ‚
232 217 287 252 ut
308 205 391 252 vix
412 203 564 253 ullum
585 203 735 254 telum
762 205 810 253 in
837 207 957 256 mari
982 223 1163 258 vanum
1182 206 1325 261 inter·
1343 207 1542 260 U.c.542.

11 270 203 320 ›cideret
219 290 230 320 z
247 271 483 321 frontibus
506 273 643 323 velut
662 272 892 338 pedestris
907 276 1033 323 acies
1057 278 1294 343 urgebant
1313 317 1328 340 ,
1345 264 1541 310 ²·C·²¹⁰·

12 335 102 404 (8)
128 341 404 407 perviaeque
425 358 574 390 naves
604 343 920 409 pugnantibus
955 359 1102 392 erant.
1130 344 1330 413 Insignis

14 418 184 455 *tamen
200 408 322 458 inter
343 422 526 458 ceteras
548 427 706 477 pugna
723 408 811 459 fuit
833 410 1034 459 duarum
1058 447 1075 470 ‚
1108 429 1214 478 quae
1235 417 1334 479 pri·

13 487 116 522 ‹mae
153 477 356 541 agminis
385 492 727 527 concurrerant
773 479 898 528 inter
930 477 994 528 se.
1028 476 1083 527 In
1111 479 1336 533 ROmana

15 557 149 590 *nave
179 542 279 609 ipse
314 543 546 610 Quintius
581 562 683 596 erat
709 583 726 604 ‚
768 548 816 595 in
849 545 1113 596 Tarentina
1149 547 1282 599 Nico
1314 584 1333 612 ,

13 610 98 658 «cui
134 609 336 662 Perconi
370 612 457 662 fuit
490 631 765 681 cognomen
796 632 895 665 non
915 615 1113 681 publico
1144 617 1332 679 modo,

14 674 108 727 *sed
132 681 324 745 privato
351 681 468 731 odio
484 681 664 731 invisus
688 697 831 750 atque
852 683 1051 734 infestus
1067 684 1332 738 Romanis:

23 745 161 812 quod
192 748 295 814 ejus
331 748 547 799 fafflonis
583 765 717 809 erat,
758 769 864 818 quae
886 751 1153 802 Tarentum
1177 752 1338 804 Anni-

18 812 119 863 -bali
151 817 446 881 prodiderat.
500 818 596 866 Hic
633 817 896 883 Quintium
931 819 1068 870 simul
1113 839 1334 890 pugnan-

21 892 126 931 tem
159 885 529 953 hortantemque
566 885 705 944 suos,
740 889 982 937 incautum
1023 887 1153 939 hasta
1182 907 1336 942 trans-

22 947 155 1017 figit,·
187 952 268 1003 ille
295 969 442 1021 atque
468 972 681 1022 praeceps
702 973 810 1004 cum
832 959 973 1006 armis
993 957 1201 1023 procidit
1218 975 1333 1011 ante

22 1035 215 1084 proram
253 1041 263 1070 ε
305 1022 459 1072 victor
495 1021 787 1073 Tarentinus
826 1026 876 1073 in
918 1028 1155 1076 turbatam
1206 1029 1333 1080 duce

22 1086 187 1137 amisso
210 1107 386 1139 navem
415 1092 618 1158 impigre
648 1092 950 1159 transgressus
973 1133 988 1153 ‚
1026 1112 1175 1162 quum
1202 1095 1335 1145 sum-

23 1155 248 1206 moviss'et
284 1157 444 1208 hostes
477 1196 492 1219 ‚
540 1162 592 1208 &
635 1178 777 1226 prora
822 1159 918 1225 jam
954 1162 1333 1216 Tarentinorum

24 1220 170 1286 effet,
210 1229 413 1293 puppim
456 1227 581 1275 male
629 1229 904 1296 conglobati
944 1244 1191 1282 tuerentur
1229 1233 1332 1283 Ro-

25 1293 178 1352 mani3
213 1294 412 1361 repente
448 1295 501 1345 δε
521 1296 611 1344 alia
641 1315 667 1344 a
705 1299 856 1365 puppi
881 1301 1088 1349 triremis
1119 1300 1356 1352 hostium·

25 1363 259 1425 apparuit.
300 1362 373 1412 Ita
417 1363 465 1410 in
505 1363 672 1413 medio
728 1367 1057 1416 circumventa
1100 1368 1329 1420 Romana

25 1429 161 1476 navis
172 1431 368 1496 capitur.
385 1431 513 1479 Hinc
530 1433 702 1481 ceteris
720 1447 874 1483 terror
888 1432 1085 1500 injeffirs
1105 1472 1117 1494 ‚
1138 1453 1190 1485 ut
1212 1456 1333 1503 prae-

25 1495 197 1545 toriam
219 1516 394 1549 navem
416 1514 605 1565 captam
627 1501 798 1550 videre
818 1521 829 1551 :
865 1501 1195 1571 fugientesque
1232 1506 1336 1571 pas·

23 1559 114 1612 -fim
139 1601 154 1623 ,
190 1566 292 1615 aliae
322 1569 372 1616 in
402 1568 499 1616 alto
528 1567 692 1617 mersae
714 1607 730 1630 ,
765 1570 866 1618 aliae
895 1572 944 1619 in
979 1585 1156 1620 terram
1189 1576 1336 1627 remis

23 1628 231 1699 abreptae
251 1673 265 1694 ,
296 1653 413 1685 mox
432 1637 606 1702 praedae
647 1637 783 1686 fuere
806 1637 1034 1688 Thurinis
1062 1639 1336 1710 Metapon-

25 1698 328 1767 tinisque.Ex
343 1706 593 1764 onerariis,
617 1724 721 1772 quae
741 1724 852 1754 curn
869 1724 1146 1758 commeatu
1164 1710 1339 1780 seque-

25 1764 196 1817 bantur
216 1807 232 1831 ,
253 1788 504 1839 perpaucae
522 1773 570 1820 in
588 1773 876 1840 potestatem
897 1776 1104 1826 hostium
1122 1796 1305 1831 venere
1319 1798 1336 1830 ε

25 1833 131 1883 aliae
157 1838 217 1886 ad
239 1839 447 1889 incertos
465 1855 640 1890 ventos
662 1842 770 1891 hinc
793 1857 936 1909 atque
973 1844 1105 1895 illinc
1136 1848 1342 1917 obliqua

26 1904 359 1956 transferentes
383 1909 496 1956 vela
516 1946 532 1969 ‚
559 1910 607 1957 in
628 1911 774 1965 altum
794 1911 973 1960 eveetae
992 1912 1111 1966 sunt.
1136 1915 1341 1984 Nequa-

26 1985 168 2036 quam
188 1977 289 2042 pari
306 1975 500 2026 fortuna
528 1994 612 2042 per
633 1995 717 2027 eos
742 1978 842 2027 dies
863 1979 1061 2031 Tarenti
1077 2001 1153 2033 res
1176 1984 1337 2053 gesta:

26 2053 141 2088 nam
173 2043 234 2090 ad
266 2059 470 2111 quatuor
511 2046 659 2094 millia
705 2047 958 2097 hominum
991 2050 1342 2103 frumentatum

30 2106 207 2172 egressa
221 2128 369 2177 quum
389 2113 436 2160 in
459 2115 582 2179 agris
601 2113 767 2181 paffim
785 2133 1073 2183 vagarentur
1090 2156 1107 2180 ,
1138 2121 1305 2169 Livius
1321 2156 1341 2180 ‚

32 2176 114 2240 qui
146 2179 240 2225 arci
292 2179 611 2248 praefidioque
645 2182 795 2235 Rom.
835 2201 1040 2251 praeerat
1069 2225 1087 2249 ,
1125 2189 1345 2238 intentus

29 2241 79 2289 in
98 2260 268 2294 omnes
287 2247 561 2297 occasiones
586 2252 809 2317 gerendae
846 2256 916 2301 rei
938 2292 953 2314 ‚
992 2253 1051 2305 C.
1092 2254 1339 2315 Persium,

28 2309 287 2379 impigrum
319 2317 507 2377 virum,
533 2326 662 2368 'cum
709 2320 901 2370 duobus
944 2322 1156 2372 millibus
1189 2340 1341 2373 arma·

28 2390 190 2428 torum
212 2399 271 2430 ex
291 2401 397 2432 arce
420 2383 609 2449 emisit}
635 2390 717 2456 qui
736 2389 860 2456 vage
893 2388 1068 2439 effusos
1088 2409 1175 2457 per
1194 2408 1339 2457 agros

29 2447 307 2519 'palatosque
325 2453 522 2503 adortus
539 2492 558 2515 ,
595 2473 741 2523 quum
762 2457 845 2506 diu
876 2457 1042 2526 paffim
1065 2457 1341 2521 cecidisset,

95 2589 120 2630 8
137 2589 280 2634 Perviae
293 2621 303 2632 .
316 2621 328 2633 .
341 2607 650 2651 navespugnan-
713 2598 928 2652 guantibus
958 2595 1144 2640 transitus
1177 2610 1232 2647 ex
1257 2612 1340 2644 una

31 2648 138 2695 tibus
154 2654 287 2712 erant]
308 2655 404 2697 Erat
417 2657 549 2699 facilis
567 2672 650 2714 pu·
712 2673 815 2703 nave
834 2662 877 2705 in
896 2660 1031 2703 aliam.
