1649 3104
0 0 38 59 ff

0 88 24 137 '⁶
329 114 688 190 Line-R
771 111 1026 170 XXX.
1207 128 1319 192 359

19 208 231 279 Juperne
263 229 320 261 ex
347 211 577 261 onerariis
602 207 715 257 ifius
738 222 849 256 erat.
879 208 957 275 (7)
983 206 1321 273 Speculatoriae
1339 202 1531 264 U·9·549·'

17 298 179 332 maves
211 298 265 328 ac
301 280 426 328 levia
460 278 555 346 ipsa
591 278 778 343 navigia
801 313 815 336 ,
857 294 962 342 quae
998 276 1080 325 sub
1115 276 1323 325 constra-
1341 262 1531 306 ³³·203’

14 338 90 398 ftis
123 350 342 414 pontium
375 365 460 413 per
486 345 735 394 intervalla
759 345 1096 403 excurrebant,
1124 343 1199 411 (8)
1233 346 1327 409 pri-

22 416 114 478 gmb
150 414 250 482 ipso
283 418 466 464 tantum
503 417 686 480 impetu
720 430 772 461 ac
806 412 1132 478 magnitudine
1163 411 1331 460 rostra-

36 498 189 532 tarum
241 483 599 541 obruebantur3
650 481 825 529 deinde
868 481 918 530 &
955 481 1333 546 propugnatori-

23 550 124 601 bus
155 568 350 618 quoque
390 549 715 599 incommodae
751 562 917 606 erant,
949 548 1080 614 quod
1119 549 1333 611 permix-

37 632 99 669 tae
154 637 262 667 cum
307 617 513 667 hostium
571 617 771 667 navibus
816 616 1031 665 inhibere
1074 613 1195 680 saepe
1238 617 1334 664 tela

37 686 318 752 cogebant,
368 701 499 734 metu
549 701 609 733 ne
667 685 893 749 ambiguo
942 684 1033 732 ictu
1080 682 1170 731 suis
1213 684 1336 731 inci-

22 754 249 807 ‚deren‘t:
287 753 531 821 postremo
570 751 740 801 afferes
773 751 933 799 ferreo
980 768 1104 800 unco
1155 749 1339 817 praefixi

40 821 382 890 (harpagones
425 819 636 885 vocant)
678 837 736 869 ex
772 821 954 885 punicis
993 821 1196 868 navibus
1226 818 1337 884 inji-

37 890 83 938 ci
120 893 166 938 in
213 890 454 938 Romanas
488 891 650 955 coepti.
689 886 836 951 Quos
876 904 1023 952 quum
1059 903 1215 951 neque
1258 888 1340 954 ip-

35 955 113 1006 sos
136 995 152 1017 ,
180 974 337 1024 neque
370 972 590 1015 catenas»,
625 956 796 1022 quibus
829 953 1032 1021 suspenfi
1064 952 1340 1019 injicieban-

41 1039 150 1084 tur,
191 1026 403 1074 incidere
450 1023 669 1089 possent3
717 1039 770 1071 ut
816 1040 1017 1089 quaeque
1058 1038 1189 1071 retro
1223 1022 1343 1071 inhi-

40 1092 137 1143 bita
177 1092 377 1141 rostrata
411 1093 675 1141 onerariam
723 1092 982 1138 haerentem
1018 1108 1143 1138 unco
1187 1091 1342 1139 trahe-

39 1175 114 1210 ret
141 1198 155 1220 ‚
197 1160 342 1210 scindi
396 1162 588 1208 videres
631 1160 856 1217 vincula,
902 1158 1070 1223 quibus
1114 1158 1198 1205 alia
1236 1159 1342 1208 aliis

46 1229 219 1278 innexa
277 1242 406 1282 erat,
458 1227 569 1294 (9)
627 1225 798 1275 seriem
855 1227 995 1273 aliam
1044 1225 1182 1274 simul
1232 1227 1344 1293 plu-

48 1297 176 1344 rium
232 1298 424 1344 navium
483 1296 620 1343 trahi.
670 1294 781 1343 Hoc
822 1293 1026 1342 maxime
1079 1293 1231 1343 modo
1279 1294 1346 1344 la-

18 1364 195 1422 ,rerati
242 1363 438 1430 quidem
486 1379 654 1411 onmes
701 1376 913 1428 ponte5‚
960 1363 1011 1410 &
1051 1362 1132 1409 vix
1169 1361 1348 1411 tranffi-

45 1432 194 1481 liendi
237 1433 283 1480 in
323 1431 582 1480 secundum
639 1431 860 1479 ordinem
904 1432 1100 1476 navium
1143 1429 1344 1495 spatium

46 1499 485 1566 propugnatoribus
527 1499 691 1546 datum
734 1497 815 1547 est.
851 1495 946 1545 Sex
987 1495 1138 1546 ferme
1176 1516 1342 1549 onera·
1410 1513 1553 1558 Nava

45 1570 129 1617 riae
158 1568 399 1634 puppibus
432 1564 671 1614 abstraftae
702 1565 1040 1631 Carthaginem
1068 1563 1208 1626 sunt3
1236 1576 1424 1630 ma-sex
1477 1579 1552 1618 ab-

46 1633 124 1701 jor
155 1635 298 1701 quam
338 1653 424 1700 pro
459 1648 508 1682 re
543 1634 735 1694 laetitia‚
765 1633 844 1682 sed
877 1651 936 1682 eo
965 1635 1176 1701 gratior,
1208 1635 1579 1700 qubdstrabunt„

28 1705 172 1757 ¹inter
213 1701 413 1751 affiduas
452 1703 612 1751 clades
653 1719 708 1749 ac
739 1700 976 1768 lacrymas
1014 1719 1162 1750 unum
1194 1720 1345 1769 quan-

46 1786 345 1837 tumcunque
400 1787 459 1819 ex
509 1768 747 1836 insperato
794 1770 1018 1837 gaudium
1066 1767 1343 1832 affulserat3

48 1838 124 1907 (1)
163 1857 273 1888 cum
298 1856 357 1888 eo
381 1853 431 1888 ut
459 1851 711 1905 appareret
733 1837 860 1888 haud
877 1836 1048 1906 procul
1070 1839 1218 1887 exitio
1236 1838 1344 1888 fuis·

104 1984 131 2023 7
157 1969 435 2024 Speculatoriae
464 1983 585 2013 naves
614 1983 662 2009 ac
725 1980 855 2009 tarum
881 1983 892 2017 ;
935 1969 1082 2010 deinde
1129 1966 1250 2010 etiam
1294 1968 1346 2015 iis

41 2030 145 2071 levia
169 2030 253 2086 ipsa
275 2033 466 2086 navigia]
489 2030 568 2072 Hic
588 2031 660 2070 de·
726 2030 993 2071 incommodae
1023 2039 1140 2072 erant
1156 2062 1170 2080 ,
1195 2032 1262 2089 qui
1293 2046 1347 2074 ex

43 2094 163 2134 lenda
197 2094 357 2134 videtur
385 2094 529 2133 vocula
547 2124 560 2140 ,
593 2106 663 2143 ac,
727 2092 926 2133 onerariis
955 2094 1188 2148 pugnabant
1211 2094 1354 2135 adver·

31 2153 167 2209 ⁴quum
187 2155 235 2195 de
264 2153 358 2194 solis
381 2154 664 2207 speculatoriis
727 2154 793 2194 sus
812 2152 976 2196 Poenos.
1000 2153 1106 2194 Infra
1122 2185 1131 2198 .
1150 2155 1346 2212 harpago-

29 2217 214 2257 navibus
235 2226 391 2270 agatur.
412 2216 512 2255 Item
533 2216 667 2256 liben-
727 2231 793 2255 nes
814 2227 958 2255 vocant
978 2230 989 2256 .·
1009 2214 1060 2256 fic
1086 2216 1268 2258 dedimus
1294 2230 1348 2260 ex

33 2286 111 2317 -ter
132 2277 408 2319 resecaremus
440 2277 549 2330 ipfiz,
577 2292 665 2331 quae
726 2277 934 2332 plerisque
965 2278 1191 2319 codicibus.

45 2353 131 2380 vox
163 2351 296 2393 neque
325 2338 543 2379 necessaria
579 2338 634 2379 est
656 2370 667 2390 ,
791 2353 816 2394 9
844 2338 988 2378 Seriem
1017 2339 1171 2392 aliam]
1203 2338 1349 2381 Parum

11 2438 15 2440 .
47 2399 91 2447 &
117 2402 232 2441 nimis
258 2401 299 2440 in
324 2400 459 2441 vicino
478 2401 667 2443 iteratur.
728 2397 796 2441 hic
813 2401 1095 2456 congruitvox
1107 2401 1354 2443 aliamMa-

12 2452 45 2536 'x‘
114 2463 137 2503 8
158 2461 292 2503 Priml)
313 2461 395 2516 ipso
418 2463 569 2502 tantam
595 2465 670 2501 im-
733 2462 791 2518 gis
805 2463 987 2515 placeret
1009 2464 1173 2517 legere:
1189 2462 1351 2515 seriem-

28 2526 177 2584 φατι]
214 2522 349 2564 Primo
392 2525 670 2565 obruebantur
733 2539 802 2578 que
825 2523 947 2576 fimul
976 2524 1146 2579 plurium
1188 2527 1368 2565 navium·

28 2624 31 2628 .
54 2585 150 2639 ipsae
168 2588 234 2625 vel
254 2585 341 2625 solo
361 2584 517 2638 impetu
530 2599 576 2626 ac
589 2599 673 2626 ma·
734 2587 853 2626 trahi.

18 2667 21 2670 ¹
53 2647 262 2709 gnitudine
280 2645 518 2695 Punicarum
530 2646 671 2694 rostra·
801 2660 819 2690 1
855 2645 945 2688 Cum
977 2661 1020 2691 eo
1049 2659 1090 2688 ut
1117 2648 1350 2708 appar-eree]
