1649 3104
301 95 422 182 323
701 100 775 163 T.
861 103 906 163 L
951 120 975 163 1
1016 119 1061 163 v
1105 120 1126 162 1
1170 119 1194 162 1

86 187 278 244 U·C·543·
298 203 364 252 do
396 203 526 253 vires
569 219 765 270 quoque
802 203 862 251 ad
895 203 1138 269 agendum
1168 202 1344 269 aliquid
1373 202 1617 256 cossee'iuol

83 248 433 331 εᾖς’ζῗκηίἰιιτῐί,
464 269 785 336 proficiscenti
819 271 878 319 ad
915 271 1193 336 Syphacem
1228 270 1482 321 Lacumaci
1519 291 1594 322 re-

288 340 405 407 gulo
439 340 500 388 ad
531 337 778 404 Thapsum
824 341 1050 387 occurrit.
1095 337 1367 403 Trepidum
1418 356 1592 405 agmen

291 422 443 475 q—uum
492 408 541 454 in
584 408 755 456 urbem
803 404 1045 472 refugisset
1076 441 1090 464 ‚
1134 408 1304 455 urbem
1355 406 1594 456 Masinissa

296 477 460 542 primo
498 476 681 542 impetu
721 476 847 539 capit
880 491 890 520 ε
930 492 989 522 ex
1035 475 1185 540 regiis*
1208 475 1326 523 alios
1353 476 1598 524 tradentes

295 542 345 593 se
376 544 576 610 recipit,
606 544 725 590 alios
750 544 851 590 vim
879 558 1098 606 parantes
1132 543 1339 590 occidit:
1369 561 1475 609 pars
1503 561 1601 591 ma-

296 612 428 660 'xima
462 628 573 660 cum
607 609 707 677 ipso
748 626 900 675 puero
937 611 1059 658 inter
1101 611 1360 659 tumultum
1400 611 1458 658 ad
1496 609 1599 676 Sy-

295 680 537 747 phacem,
587 679 684 742 quc>
727 678 937 743 primum
977 678 1277 726 intenderant
1323 681 1447 738 iter,
1487 695 1598 743 per·
1648 727 1649 733 ,

294 762 549 798 venerunt.
577 746 722 794 Fama
759 744 899 809 hujus
934 745 1138 795 modicae
1175 747 1244 795 rei
1279 747 1327 794 in
1358 747 1596 811 principio

289 834 459 866 rerum
489 813 714 881 prospere
747 812 860 862 3&ae
882 850 896 874 ‚
937 815 1175 863 convertit
1205 814 1264 862 ad
1307 811 1600 864 Masiniss'am
1625 864 1629 867 ,

294 883 574 944 Numidas;
611 880 963 949 affluebantque
1004 882 1216 948 undique
1261 899 1318 930 ex
1357 883 1477 949 agris
1519 883 1598 930 vi-

297 953 458 1018 cisque
490 966 684 1000 veteres
717 951 894 999 milites
928 949 1063 1000 Galae
1085 985 1099 1008 ‚
1141 952 1194 999 ὃς
1230 950 1491 999 invitabant
1522 948 1599 1014 ju-

297 1036 482 1069 venem
538 1019 598 1067 ad
649 1018 1033 1084 recuperandum
1086 1033 1337 1084 paternum
1383 1035 1600 1084 regnum.

299 1086 525 1137 Numero
566 1088 774 1135 militum
818 1087 1114 1152 aliquantium
1156 1085 1430 1135 Mezetulus
1464 1085 1600 1151 supe-

295 1157 434 1205 rabat
462 1173 472 1204 :
508 1173 618 1203 nam
650 1156 702 1204 &
735 1154 834 1221 ipse
866 1172 976 1204 eum
1005 1155 1273 1203 exercitum
1304 1156 1401 1220 quc>
1437 1152 1599 1219 Capu-

294 1222 394 1273 sam
417 1227 628 1282 vicerat,
653 1222 728 1290 (2)
759 1223 810 1272 ἂ
831 1240 890 1271 ex
914 1224 1119 1288 receptis
1141 1222 1246 1287 post
1268 1223 1452 1270 caedem
1471 1222 1596 1288 regis

295 1293 480 1360 aliquot
502 1291 739 1351 habebat3
771 1292 823 1340 δὲ
853 1290 970 1358 puer
1000 1290 1291 1338 Lacumaces
1318 1291 1375 1338 ab
1399 1288 1601 1355 Sypha-¹

296 1379 354 1410 ce
386 1360 557 1409 auxilia
592 1361 804 1424 ingentia
840 1360 1116 1407 adduxerat.
1153 1357 1455 1424 Quindecim
1490 1359 1601 1406 mila

295 1429 360 1480 lia
399 1430 613 1495 peditum
653 1427 938 1488 Memmio,
977 1427 1146 1477 decem
1191 1427 1337 1475 millia
1380 1427 1630 1493 equitum,

296 1512 448 1547 erant.
488 1495 794 1560 Quibuscum
842 1494 1104 1551 Masinissa,
1152 1512 1452 1562 nequaquam
1489 1510 1598 1542 tan-

295 1580 399 1614 tum
436 1566 653 1632 peditum
692 1566 978 1630 equitumve
1023 1564 1234 1620 habens,
1279 1565 1379 1610 acie
1426 1562 1597 1610 confli-

294 1638 360 1683 xit
387 1654 397 1683 :
429 1635 547 1682 vicit
579 1648 737 1680 tamen
773 1633 824 1681 &
853 1648 1071 1681 veterum
1100 1633 1308 1679 militum
1337 1632 1516 1688 virtus,
1545 1631 1598 1679 &

294 1702 548 1769 prudentia
579 1704 703 1749 inter
737 1699 955 1749 Romana
995 1702 1048 1750 ὃς
1090 1699 1264 1747 Punica
1299 1717 1427 1747 arma
1459 1716 1598 1746 exer-

295 1772 426 1820 citati
458 1771 606 1819 duciss.
636 1769 851 1835 Regulus
881 1786 990 1816 cum
1023 1783 1180 1816 tutore
1215 1769 1264 1816 &
1294 1769 1462 1834 exigua
1497 1766 1600 1815 Ma-

293 1838 574 1904 saesylorum
637 1855 778 1885 manu
826 1839 872 1884 in
929 1834 1375 1903 Carthaginiensem
1432 1852 1599 1901 agrum

293 1906 523 1974 perfugit.
561 1903 630 1954 Ita
676 1919 957 1970 recuperato
1007 1921 1155 1970 regno
1205 1919 1404 1969 paterno
1452 1901 1602 1951 Mast-

293 1974 440 2034 niffa‚
476 1977 582 2040 quia
614 1972 699 2021 fibi
734 1974 960 2021 adversus
988 1971 1262 2037 Syphacem
1297 1971 1421 2019 haud
1454 1971 1599 2036 paulo

297 2042 534 2108 majorem
570 2040 744 2090 restare
778 2042 1135 2089 dimicationem
1171 2040 1397 2087 cernebat
1421 2077 1434 2099 ‚
1469 2041 1600 2105 opti-

296 2127 431 2161 mum
466 2127 591 2158 ratus
630 2127 739 2158 cum
773 2109 916 2157 fratre
957 2109 1170 2174 patruele
1201 2111 1396 2174 gratiam
1425 2125 1602 2156 recon-

297 2179 491 2238 ciliare,
524 2175 666 2226 miffis
705 2180 783 2243 qui
824 2180 874 2227 ὅ(
911 2195 1063 2242 puero
1097 2175 1228 2242 spem
1273 2175 1522 2234 facerent,
1563 2174 1599 2225 fi

296 2249 347 2295 in
382 2245 530 2294 fidem
574 2244 824 2294 Masmzffae
873 2244 971 2293 sese
1019 2242 1295 2309 permisisset
1324 2281 1337 2302 ‚
1385 2243 1599 2292 futurum

299 2316 349 2364 in
391 2315 567 2363 eodem
615 2315 799 2361 honore
824 2351 839 2372 .,
876 2332 974 2379 quo
1014 2313 1140 2377 apud
1174 2311 1346 2360 Galam
1391 2311 1599 2360 OEsalces

301 2384 549 2452 quondam
579 2380 762 2440 fuiss'et,
798 2381 872 2448 (3)
900 2382 952 2431 ὃς
985 2383 1065 2447 qui
1098 2380 1349 2429 Mezetulo
1377 2417 1392 2439 ,
1426 2394 1599 2445 praeter

363 2535 388 2563 2
410 2521 466 2561 Et
491 2536 539 2561 ex
556 2521 750 2575 receptis]
777 2519 828 2559 Et
851 2522 917 2560 ali·
982 2520 1030 2560 ad
1053 2519 1120 2559 sua
1138 2518 1242 2574 signa
1265 2527 1549 2559 revocaverat.

299 2595 404 2637 quot
435 2585 613 2623 habebat
637 2595 688 2621 ex
714 2583 762 2622 iis
781 2613 792 2633 ,
815 2596 917 2636 quos
1047 2595 1065 2634 3
1092 2581 1148 2620 Et
1166 2584 1230 2634 qui
1258 2579 1487 2635 Mezetulo]
1511 2578 1597 2619 Po-

298 2645 389 2699 post
421 2646 574 2689 caedem
608 2643 780 2700 Capusae
811 2645 918 2703 regis
983 2642 1058 2687 test
1077 2643 1203 2699 recidi
1232 2642 1379 2687 vocula
1405 2642 1498 2699 qui:
1524 2640 1594 2685 nisi
