1649 3104
282 111 399 192 346
694 113 1186 175 T.L1v11

71 195 405 295 Ug·549·anno
435 207 687 262 habuiffet.
717 211 881 262 Sortiti
919 212 1094 261 deinde
1129 213 1403 281 provincias
1434 231 1447 264 ε
1480 209 1583 265 Cae·

68 261 108 297 ³⁰
152 266 413 344 ‘²03·pioni
442 279 650 340 Bruttii,
685 278 892 330 Servilio
931 279 1147 331 Gemino
1186 282 1370 331 Etruria
1404 285 1584 335 evenit.

275 345 407 396 Tum
446 363 707 413 praetorum
745 350 1009 414 provinciae
1047 350 1095 396 in
1130 349 1305 399 sortem
1337 348 1585 413 conjeciaea

273 414 662 466 Jurisdiffionem
714 418 949 465 urbanam
987 415 1142 466 Paetus
1187 418 1343 468 AElius
1368 456 1383 479 ‚
1418 417 1582 467 Sardi-

273 485 405 532 niam
450 483 542 534 Cn.
578 482 837 542 Lentulus,
874 483 1081 533 Siciliam
1122 485 1175 535 P.
1216 486 1431 545 Villius,
1465 486 1580 535 Ari-

272 553 460 601 minum
508 570 619 601 cum
667 552 849 601 duabus
886 553 1155 619 legionibus
1190 552 1316 620 (sub
1353 554 1578 605 Lucretio

271 617 447 687 Spurio
492 638 560 669 eae
602 619 830 687 fuerant)
870 619 1139 686 Quintilius
1179 622 1337 671 Varus
1373 620 1440 671 est
1477 621 1599 678 sorr

267 689 406 739 titus,
449 687 510 737 Et
557 687 784 738 Lucretio
826 705 1140 756 prorogatum
1191 691 1449 757 imperium
1475 727 1491 747 ,
1525 702 1580 739 ut

270 755 498 806 Genuam
541 757 782 823 oppidum
829 775 854 804 a
899 756 1114 825 Magone
1161 757 1315 808 Poeno
1367 759 1579 807 dirutum

267 823 614 874 exaedificaret.
657 824 705 872 P.
746 823 1001 891 Scipioni,
1047 844 1146 874 non
1180 828 1446 893 temporis,
1493 825 1578 875 sed

268 894 340 942 rei
385 892 608 960 gerendae
639 891 768 952 fine,
801 893 958 942 donec
995 893 1287 942 debellatum
1328 896 1376 942 in
1411 892 1578 943 Africa

268 959 434 1022 foret,
483 976 795 1027 prorogatum
842 962 1100 1027 imperium
1144 960 1261 1024 est3
1307 962 1581 1011 decretum-

256 1046 363 1095 que
398 1043 449 1077 ut
487 1027 771 1095 supplicatio
809 1026 977 1088 fieret,
1018 1030 1151 1096 quod
1190 1032 1229 1079 is
1270 1032 1318 1078 in
1358 1029 1577 1079 Africam

269 1097 574 1162 provinciam
612 1095 905 1160 traiecisset,
946 1113 997 1146 ut
1034 1117 1089 1147 ea
1128 1114 1203 1147 res
1241 1096 1448 1146 salutaris
1487 1115 1578 1165 po-

270 1165 390 1233 pulo
427 1163 608 1232 ipsique
652 1166 760 1212 duci
794 1179 935 1232 atque
974 1167 1205 1215 exercitui
1246 1165 1377 1216 effet.

343 1232 419 1282 II.
458 1232 512 1282 In
543 1232 751 1282 Siciliam
783 1235 870 1281 tria
904 1234 1050 1282 millia
1085 1236 1290 1283 militum
1327 1233 1430 1283 sunt
1458 1232 1580 1283 scri-

275 1315 394 1367 pta3
434 1302 522 1360 &‚
559 1302 668 1369 quia
710 1301 844 1367 quod
880 1301 1067 1350 roboris
1113 1320 1168 1351 ea
1210 1303 1461 1369 provincia
1494 1304 1580 1350 ha-

271 1370 473 1424 buerat,
516 1372 563 1418 in
593 1368 811 1419 Africam
837 1368 1152 1419 transvecium
1186 1370 1369 1430 fuerat,
1397 1369 1475 1437 (4)
1512 1387 1576 1420 ne

272 1456 368 1505 qua
418 1435 569 1487 claffis
617 1455 676 1486 ex
727 1436 890 1488 Africa
939 1437 1214 1504 trajiceret,
1260 1439 1572 1507 quadraginta

269 1506 477 1555 navibus
511 1504 737 1555 custodiri
780 1506 1024 1572 placuerat
1068 1505 1238 1555 Siciliae
1285 1509 1576 1556 maritimam
1648 1534 1649 1553 ι

270 1593 424 1624 oram.
461 1573 723 1624 Tredecim
759 1592 911 1623 novas
946 1592 1094 1625 naves
1120 1575 1296 1624 Villius
1336 1575 1494 1625 secum
1523 1577 1573 1625 in

270 1642 481 1692 Siciliam
526 1644 662 1692 duxit
695 1661 705 1691 t
737 1657 910 1692 ceterae
944 1646 992 1691 in
1029 1642 1187 1693 Sicilia
1218 1659 1410 1695 veteres
1441 1643 1569 1693 refe·

272 1711 370 1759 Rae.
424 1711 551 1760 Huic
598 1709 724 1760 claffi
779 1711 850 1759 M.
899 1711 1195 1779 Pomponius
1244 1714 1416 1778 prioris
1466 1712 1578 1761 anni

271 1795 453 1846 praetor
493 1795 757 1846 prorogato
797 1781 1002 1846 imperio
1051 1779 1367 1847 praepositus,
1415 1798 1576 1830 novos

266 1848 445 1898 milites
486 1865 545 1897 ex
594 1847 729 1897 Italia
769 1847 1010 1914 advecffis
1039 1850 1089 1896 in
1138 1867 1287 1899 naves
1331 1847 1577 1917 imposuit.

325 2001 356 2039 4
372 1984 437 2027 Ne
452 2002 524 2041 qua
537 1985 697 2044 claffis]
710 1987 890 2032 Videtur

261 2058 352 2091 tota
370 2048 420 2090 fic
441 2049 651 2090 formanda
668 2051 888 2104 periodus:

262 2111 314 2153 In
334 2111 520 2153 Siciliam
534 2115 610 2150 tria
625 2113 757 2153 millia
776 2112 884 2152 mili-

263 2187 345 2214 tum
361 2174 459 2227 fiant
479 2173 631 2228 scripta
650 2205 662 2222 ‚
704 2173 741 2213 ἃ
771 2177 887 2228 quia,

264 2237 368 2291 quod
411 2234 562 2275 roboris
603 2252 645 2276 ea
681 2239 888 2290 provincia

266 2298 453 2338 habuerat
470 2331 480 2349 ‚
500 2301 542 2337 in
562 2297 740 2351 Africam
761 2297 888 2352 trans-

265 2362 410 2401 vec-‘ium
428 2361 590 2413 fiserat3
628 2360 665 2399 ὃ·
689 2363 809 2414 quia,
840 2376 887 2400 ne

262 2437 340 2478 qua
367 2421 495 2477 claffis
526 2437 573 2462 ex
601 2420 742 2474 Africa
766 2421 886 2474 traji-

264 2496 362 2524 ceret
381 2515 391 2535 ,
421 2487 682 2540 quadraginta
718 2484 887 2523 navibus

261 2546 444 2596 custodiri
481 2546 689 2602 placuerat
735 2546 886 2587 Siciliae

261 2611 497 2650 maritimam
545 2623 667 2654 oram.
718 2608 887 2665 Duplex

951 2001 1052 2043 ergo
1094 1986 1202 2028 ratio
1248 1985 1421 2029 affertur
1444 2016 1457 2036 ‚
1503 2001 1578 2030 cut·

951 2050 1098 2103 scripta
1127 2048 1281 2091 fuerint
1299 2051 1386 2091 haec
1405 2051 1481 2091 tria
1500 2051 1578 2091 mi-

951 2113 1068 2152 litum
1108 2112 1234 2152 millia
1276 2112 1317 2153 in
1353 2112 1530 2154 Siciliam
1560 2125 1573 2154 t

951 2188 1029 2213 una
1047 2205 1058 2224 ‚
1081 2173 1194 2228 quod
1219 2174 1352 2216 insula
1372 2189 1456 2216 non
1479 2174 1575 2215 satis

951 2235 1069 2277 firmo
1101 2238 1324 2276 tenebatur
1354 2235 1535 2291 praesidio
1559 2251 1577 2284 ;

950 2299 1108 2349 altera,
1142 2310 1186 2338 ut
1217 2299 1258 2339 hi
1287 2301 1386 2339 novi
1417 2300 1571 2340 milites

949 2360 1261 2414 imponerentur
1278 2360 1319 2401 in
1339 2375 1461 2402 naves
1482 2361 1573 2415 qui-

947 2422 1022 2463 bus
1037 2423 1228 2464 custodiri
1246 2424 1434 2477 placebat
1451 2422 1572 2463 mari-

948 2485 1086 2525 timam
1115 2500 1251 2527 oram:
1273 2486 1393 2539 idque
1423 2497 1572 2526 revera

950 2545 1098 2589 fastum
1113 2549 1238 2606 paulo
1256 2547 1345 2604 post
1361 2559 1569 2600 memorab·v

951 2617 1034 2652 tur·
