<?xml version="1.0" encoding="UTF-8"?>
<!DOCTYPE html PUBLIC "-//W3C//DTD XHTML 1.0 Transitional//EN"
    "http://www.w3.org/TR/xhtml1/DTD/xhtml1-transitional.dtd">
<html xmlns="http://www.w3.org/1999/xhtml" xml:lang="en" lang="en">
 <head>
  <title>
</title>
<meta http-equiv="Content-Type" content="text/html;charset=utf-8" />
  <meta name='ocr-system' content='tesseract 3.04.00' />
  <meta name='ocr-capabilities' content='ocr_page ocr_carea ocr_par ocr_line ocrx_word'/>
</head>
<body>
  <div class='ocr_page' id='page_1' title='image "./tliviipatavinihi0202livy_0201.png"; bbox 0 0 1649 3104; ppageno 0'>
   <div class='ocr_carea' id='block_1_1' title="bbox 257 123 1311 214">
    <p class='ocr_par' dir='ltr' id='par_1_1' title="bbox 257 123 1311 214">
     <span class='ocr_line' id='line_1_1' title="bbox 257 123 1311 214; baseline 0.007 -30"><span class='ocrx_word' id='word_1_1' title='bbox 257 125 304 184; x_wconf 90' lang='lat' dir='ltr'>L</span> <span class='ocrx_word' id='word_1_2' title='bbox 347 142 370 184; x_wconf 93' lang='lat'>1</span> <span class='ocrx_word' id='word_1_3' title='bbox 413 141 449 183; x_wconf 85' lang='lat' dir='ltr'>B</span> <span class='ocrx_word' id='word_1_4' title='bbox 494 139 530 181; x_wconf 82' lang='lat' dir='ltr'>E</span> <span class='ocrx_word' id='word_1_5' title='bbox 574 139 614 179; x_wconf 78' lang='lat' dir='ltr'>R</span> <span class='ocrx_word' id='word_1_6' title='bbox 699 123 1074 188; x_wconf 80' lang='lat' dir='ltr'>XXVIII.</span> <span class='ocrx_word' id='word_1_7' title='bbox 1201 150 1311 214; x_wconf 81' lang='lat'>195</span> 
     </span>
    </p>
   </div>
   <div class='ocr_carea' id='block_1_2' title="bbox 0 218 1542 2683">
    <p class='ocr_par' dir='ltr' id='par_1_2' title="bbox 15 218 1542 1305">
     <span class='ocr_line' id='line_1_2' title="bbox 22 218 1517 293; baseline 0 -18"><span class='ocrx_word' id='word_1_8' title='bbox 22 218 73 275; x_wconf 68' lang='lat'>311</span> <span class='ocrx_word' id='word_1_9' title='bbox 108 221 305 272; x_wconf 83' lang='lat' dir='ltr'>hiberna</span> <span class='ocrx_word' id='word_1_10' title='bbox 340 222 638 289; x_wconf 78' lang='lat' dir='ltr'>legionibus,</span> <span class='ocrx_word' id='word_1_11' title='bbox 683 220 738 270; x_wconf 88' lang='lat' dir='ltr'>L.</span> <span class='ocrx_word' id='word_1_12' title='bbox 778 221 1004 288; x_wconf 78' lang='lat' dir='ltr'>Scipione</span> <span class='ocrx_word' id='word_1_13' title='bbox 1039 225 1180 276; x_wconf 86' lang='lat' dir='ltr'>fratre</span> <span class='ocrx_word' id='word_1_14' title='bbox 1217 228 1323 278; x_wconf 87' lang='lat' dir='ltr'>Ro·</span> <span class='ocrx_word' id='word_1_15' title='bbox 1339 225 1517 293; x_wconf 59' lang='lat' dir='ltr'>[lq-54⁷</span> 
     </span>
     <span class='ocr_line' id='line_1_3' title="bbox 25 283 1536 360; baseline 0.005 -20"><span class='ocrx_word' id='word_1_16' title='bbox 25 300 150 340; x_wconf 83' lang='lat' dir='ltr'>mam</span> <span class='ocrx_word' id='word_1_17' title='bbox 178 290 336 349; x_wconf 86' lang='lat' dir='ltr'>misso,</span> <span class='ocrx_word' id='word_1_18' title='bbox 381 293 432 340; x_wconf 56' lang='grc' dir='ltr'>δὲ</span> <span class='ocrx_word' id='word_1_19' title='bbox 468 291 707 339; x_wconf 79' lang='lat' dir='ltr'>Hannone</span> <span class='ocrx_word' id='word_1_20' title='bbox 745 290 953 340; x_wconf 81' lang='lat' dir='ltr'>hostium</span> <span class='ocrx_word' id='word_1_21' title='bbox 991 296 1283 359; x_wconf 82' lang='lat' dir='ltr'>imperatore</span> <span class='ocrx_word' id='word_1_22' title='bbox 1305 337 1320 360; x_wconf 89' lang='lat'>‚</span> <span class='ocrx_word' id='word_1_23' title='bbox 1342 283 1536 334; x_wconf 66' lang='lat'><strong>³·(⁴·²07·</strong></span> 
     </span>
     <span class='ocr_line' id='line_1_4' title="bbox 22 357 1320 424; baseline 0.005 -16"><span class='ocrx_word' id='word_1_24' title='bbox 22 357 283 424; x_wconf 87' lang='lat' dir='ltr'>ceterisque</span> <span class='ocrx_word' id='word_1_25' title='bbox 324 359 564 409; x_wconf 88' lang='lat' dir='ltr'>nobilibus</span> <span class='ocrx_word' id='word_1_26' title='bbox 595 360 795 424; x_wconf 81' lang='lat' dir='ltr'>captivis</span> <span class='ocrx_word' id='word_1_27' title='bbox 819 398 832 420; x_wconf 88' lang='lat'>‚</span> <span class='ocrx_word' id='word_1_28' title='bbox 866 359 963 424; x_wconf 85' lang='lat' dir='ltr'>ipse</span> <span class='ocrx_word' id='word_1_29' title='bbox 992 361 1320 414; x_wconf 77' lang='lat' dir='ltr'>Tarraconem</span> 
     </span>
     <span class='ocr_line' id='line_1_5' title="bbox 23 425 1536 486; baseline 0.006 -11"><span class='ocrx_word' id='word_1_30' title='bbox 23 425 265 475; x_wconf 83' lang='lat' dir='ltr'>conceffit.</span> <span class='ocrx_word' id='word_1_31' title='bbox 306 426 497 476; x_wconf 86' lang='lat' dir='ltr'>Eodem</span> <span class='ocrx_word' id='word_1_32' title='bbox 549 445 712 486; x_wconf 87' lang='lat' dir='ltr'>anno,</span> <span class='ocrx_word' id='word_1_33' title='bbox 767 425 915 476; x_wconf 82' lang='lat' dir='ltr'>claffis</span> <span class='ocrx_word' id='word_1_34' title='bbox 959 428 1176 478; x_wconf 83' lang='lat' dir='ltr'>Romana</span> <span class='ocrx_word' id='word_1_35' title='bbox 1207 451 1315 481; x_wconf 89' lang='lat' dir='ltr'>cum</span> <span class='ocrx_word' id='word_1_36' title='bbox 1393 429 1536 484; x_wconf 74' lang='lat' dir='ltr'><em>Claffis</em></span> 
     </span>
     <span class='ocr_line' id='line_1_6' title="bbox 23 488 1542 559; baseline 0.003 -17"><span class='ocrx_word' id='word_1_37' title='bbox 23 493 97 543; x_wconf 89' lang='lat' dir='ltr'>M.</span> <span class='ocrx_word' id='word_1_38' title='bbox 126 493 319 543; x_wconf 85' lang='lat' dir='ltr'>Valerio</span> <span class='ocrx_word' id='word_1_39' title='bbox 352 494 551 544; x_wconf 79' lang='lat' dir='ltr'>Laevino</span> <span class='ocrx_word' id='word_1_40' title='bbox 588 495 869 559; x_wconf 84' lang='lat' dir='ltr'>proconsule</span> <span class='ocrx_word' id='word_1_41' title='bbox 901 514 958 544; x_wconf 88' lang='lat' dir='ltr'>ex</span> <span class='ocrx_word' id='word_1_42' title='bbox 988 496 1144 546; x_wconf 84' lang='lat' dir='ltr'>Sicilia</span> <span class='ocrx_word' id='word_1_43' title='bbox 1171 501 1218 547; x_wconf 89' lang='lat' dir='ltr'>in</span> <span class='ocrx_word' id='word_1_44' title='bbox 1250 502 1319 549; x_wconf 89' lang='lat' dir='ltr'>A·</span> <span class='ocrx_word' id='word_1_45' title='bbox 1334 488 1542 546; x_wconf 75' lang='lat' dir='ltr'><em>R⁰&#39;⁷1·P⁰·</em></span> 
     </span>
     <span class='ocr_line' id='line_1_7' title="bbox 19 552 1504 650; baseline 0.005 -39"><span class='ocrx_word' id='word_1_46' title='bbox 19 559 183 612; x_wconf 82' lang='lat' dir='ltr'>fricam</span> <span class='ocrx_word' id='word_1_47' title='bbox 215 562 466 612; x_wconf 68' lang='lat' dir='ltr'>transmissa</span> <span class='ocrx_word' id='word_1_48' title='bbox 500 566 546 611; x_wconf 91' lang='lat' dir='ltr'>in</span> <span class='ocrx_word' id='word_1_49' title='bbox 582 563 799 612; x_wconf 73' lang='lat' dir='ltr'>Uticensi</span> <span class='ocrx_word' id='word_1_50' title='bbox 844 552 1504 650; x_wconf 39' lang='lat' dir='ltr'>CarthaginiensiqueZ‘lf‘fl‘s’</span> 
     </span>
     <span class='ocr_line' id='line_1_8' title="bbox 23 617 1537 696; baseline 0.005 -17"><span class='ocrx_word' id='word_1_51' title='bbox 23 647 136 694; x_wconf 78' lang='lat' dir='ltr'>agro</span> <span class='ocrx_word' id='word_1_52' title='bbox 175 630 266 679; x_wconf 74' lang='lat' dir='ltr'>late</span> <span class='ocrx_word' id='word_1_53' title='bbox 313 632 646 696; x_wconf 75' lang='lat' dir='ltr'>populationes</span> <span class='ocrx_word' id='word_1_54' title='bbox 686 631 831 680; x_wconf 85' lang='lat' dir='ltr'>fecit:</span> <span class='ocrx_word' id='word_1_55' title='bbox 870 636 1096 682; x_wconf 80' lang='lat' dir='ltr'>extremis</span> <span class='ocrx_word' id='word_1_56' title='bbox 1143 634 1319 686; x_wconf 77' lang='lat' dir='ltr'>finibus</span> <span class='ocrx_word' id='word_1_57' title='bbox 1368 617 1537 665; x_wconf 60' lang='lat' dir='ltr'>jacam,</span> 
     </span>
     <span class='ocr_line' id='line_1_9' title="bbox 24 696 1321 766; baseline 0.005 -20"><span class='ocrx_word' id='word_1_58' title='bbox 24 696 518 765; x_wconf 73' lang='lat' dir='ltr'>Carthaginiensium,</span> <span class='ocrx_word' id='word_1_59' title='bbox 564 701 687 746; x_wconf 88' lang='lat' dir='ltr'>circa</span> <span class='ocrx_word' id='word_1_60' title='bbox 735 699 831 766; x_wconf 79' lang='lat' dir='ltr'>ipsa</span> <span class='ocrx_word' id='word_1_61' title='bbox 876 704 1054 749; x_wconf 78' lang='lat' dir='ltr'>moenia</span> <span class='ocrx_word' id='word_1_62' title='bbox 1108 703 1266 752; x_wconf 81' lang='lat' dir='ltr'>Uticae</span> <span class='ocrx_word' id='word_1_63' title='bbox 1304 741 1321 764; x_wconf 85' lang='lat'>‚</span> 
     </span>
     <span class='ocr_line' id='line_1_10' title="bbox 22 766 1322 833; baseline 0.008 -21"><span class='ocrx_word' id='word_1_64' title='bbox 22 766 193 830; x_wconf 81' lang='lat' dir='ltr'>praedae</span> <span class='ocrx_word' id='word_1_65' title='bbox 227 766 339 815; x_wconf 61' lang='lat' dir='ltr'>aciae</span> <span class='ocrx_word' id='word_1_66' title='bbox 377 766 495 815; x_wconf 86' lang='lat' dir='ltr'>sunt.</span> <span class='ocrx_word' id='word_1_67' title='bbox 533 766 885 833; x_wconf 81' lang='lat' dir='ltr'>Repetentibus</span> <span class='ocrx_word' id='word_1_68' title='bbox 929 768 1137 818; x_wconf 84' lang='lat' dir='ltr'>Siciliam</span> <span class='ocrx_word' id='word_1_69' title='bbox 1173 771 1322 823; x_wconf 78' lang='lat' dir='ltr'>claffis</span> 
     </span>
     <span class='ocr_line' id='line_1_11' title="bbox 23 832 1323 906; baseline 0.005 -23"><span class='ocrx_word' id='word_1_70' title='bbox 23 832 194 883; x_wconf 86' lang='lat' dir='ltr'>Punica</span> <span class='ocrx_word' id='word_1_71' title='bbox 242 834 590 902; x_wconf 79' lang='lat' dir='ltr'>(septuaginta</span> <span class='ocrx_word' id='word_1_72' title='bbox 621 851 751 884; x_wconf 86' lang='lat' dir='ltr'>erant</span> <span class='ocrx_word' id='word_1_73' title='bbox 802 836 960 902; x_wconf 84' lang='lat' dir='ltr'>longae</span> <span class='ocrx_word' id='word_1_74' title='bbox 1001 838 1184 906; x_wconf 84' lang='lat' dir='ltr'>naves)</span> <span class='ocrx_word' id='word_1_75' title='bbox 1232 859 1323 890; x_wconf 87' lang='lat' dir='ltr'>oc·-</span> 
     </span>
     <span class='ocr_line' id='line_1_12' title="bbox 22 902 1322 974; baseline 0.006 -23"><span class='ocrx_word' id='word_1_76' title='bbox 22 904 164 951; x_wconf 89' lang='lat' dir='ltr'>currit</span> <span class='ocrx_word' id='word_1_77' title='bbox 209 921 219 950; x_wconf 77' lang='lat'>2</span> <span class='ocrx_word' id='word_1_78' title='bbox 269 902 440 951; x_wconf 86' lang='lat' dir='ltr'>decem</span> <span class='ocrx_word' id='word_1_79' title='bbox 474 906 525 954; x_wconf 84' lang='lat'>&amp;</span> <span class='ocrx_word' id='word_1_80' title='bbox 561 902 744 969; x_wconf 85' lang='lat' dir='ltr'>septem</span> <span class='ocrx_word' id='word_1_81' title='bbox 783 922 931 954; x_wconf 79' lang='lat' dir='ltr'>naves</span> <span class='ocrx_word' id='word_1_82' title='bbox 964 923 1023 954; x_wconf 78' lang='lat' dir='ltr'>ex</span> <span class='ocrx_word' id='word_1_83' title='bbox 1067 909 1121 956; x_wconf 85' lang='lat' dir='ltr'>iis</span> <span class='ocrx_word' id='word_1_84' title='bbox 1166 924 1322 974; x_wconf 72' lang='lat' dir='ltr'>caprae</span> 
     </span>
     <span class='ocr_line' id='line_1_13' title="bbox 19 967 1321 1036; baseline 0.006 -18"><span class='ocrx_word' id='word_1_85' title='bbox 19 967 122 1018; x_wconf 83' lang='lat' dir='ltr'>sunt</span> <span class='ocrx_word' id='word_1_86' title='bbox 141 1007 156 1029; x_wconf 89' lang='lat'>‚</span> <span class='ocrx_word' id='word_1_87' title='bbox 186 987 390 1036; x_wconf 81' lang='lat' dir='ltr'>quatuor</span> <span class='ocrx_word' id='word_1_88' title='bbox 418 973 464 1018; x_wconf 88' lang='lat' dir='ltr'>in</span> <span class='ocrx_word' id='word_1_89' title='bbox 496 972 590 1020; x_wconf 87' lang='lat' dir='ltr'>alto</span> <span class='ocrx_word' id='word_1_90' title='bbox 619 971 817 1021; x_wconf 73' lang='lat' dir='ltr'>mersae:</span> <span class='ocrx_word' id='word_1_91' title='bbox 851 988 1008 1022; x_wconf 80' lang='lat' dir='ltr'>cetera</span> <span class='ocrx_word' id='word_1_92' title='bbox 1033 975 1129 1024; x_wconf 78' lang='lat' dir='ltr'>fusa</span> <span class='ocrx_word' id='word_1_93' title='bbox 1162 995 1215 1025; x_wconf 90' lang='lat' dir='ltr'>ac</span> <span class='ocrx_word' id='word_1_94' title='bbox 1247 977 1321 1027; x_wconf 86' lang='lat' dir='ltr'>fu·</span> 
     </span>
     <span class='ocr_line' id='line_1_14' title="bbox 20 1037 1317 1106; baseline 0.008 -21"><span class='ocrx_word' id='word_1_95' title='bbox 20 1053 124 1105; x_wconf 85' lang='lat' dir='ltr'>gata</span> <span class='ocrx_word' id='word_1_96' title='bbox 163 1037 327 1087; x_wconf 76' lang='lat' dir='ltr'>classis.</span> <span class='ocrx_word' id='word_1_97' title='bbox 368 1038 523 1088; x_wconf 67' lang='lat' dir='ltr'>Terra</span> <span class='ocrx_word' id='word_1_98' title='bbox 565 1042 778 1106; x_wconf 81' lang='lat' dir='ltr'>marique</span> <span class='ocrx_word' id='word_1_99' title='bbox 825 1040 977 1090; x_wconf 55' lang='lat' dir='ltr'>victor</span> <span class='ocrx_word' id='word_1_100' title='bbox 1019 1043 1164 1094; x_wconf 79' lang='lat' dir='ltr'>Rom.</span> <span class='ocrx_word' id='word_1_101' title='bbox 1205 1063 1317 1096; x_wconf 86' lang='lat' dir='ltr'>cum</span> 
     </span>
     <span class='ocr_line' id='line_1_15' title="bbox 18 1109 1318 1176; baseline 0.006 -22"><span class='ocrx_word' id='word_1_102' title='bbox 18 1124 190 1172; x_wconf 76' lang='lat' dir='ltr'>magna</span> <span class='ocrx_word' id='word_1_103' title='bbox 234 1109 390 1155; x_wconf 86' lang='lat' dir='ltr'>omnis</span> <span class='ocrx_word' id='word_1_104' title='bbox 441 1110 626 1174; x_wconf 81' lang='lat' dir='ltr'>generis</span> <span class='ocrx_word' id='word_1_105' title='bbox 692 1110 851 1173; x_wconf 78' lang='lat' dir='ltr'>praetla</span> <span class='ocrx_word' id='word_1_106' title='bbox 906 1109 1181 1176; x_wconf 71' lang='lat' dir='ltr'>Lilybaeum</span> <span class='ocrx_word' id='word_1_107' title='bbox 1238 1131 1318 1162; x_wconf 90' lang='lat' dir='ltr'>re-</span> 
     </span>
     <span class='ocr_line' id='line_1_16' title="bbox 17 1172 1313 1241; baseline 0.007 -20"><span class='ocrx_word' id='word_1_108' title='bbox 17 1176 154 1240; x_wconf 88' lang='lat' dir='ltr'>petit.</span> <span class='ocrx_word' id='word_1_109' title='bbox 190 1172 322 1223; x_wconf 86' lang='lat' dir='ltr'>Toto</span> <span class='ocrx_word' id='word_1_110' title='bbox 361 1176 472 1224; x_wconf 88' lang='lat' dir='ltr'>inde</span> <span class='ocrx_word' id='word_1_111' title='bbox 509 1177 625 1223; x_wconf 83' lang='lat' dir='ltr'>mari</span> <span class='ocrx_word' id='word_1_112' title='bbox 658 1176 801 1241; x_wconf 67' lang='lat' dir='ltr'>pulsis</span> <span class='ocrx_word' id='word_1_113' title='bbox 843 1177 1048 1228; x_wconf 73' lang='lat' dir='ltr'>hostium</span> <span class='ocrx_word' id='word_1_114' title='bbox 1081 1180 1313 1241; x_wconf 82' lang='lat' dir='ltr'>navibus,</span> 
     </span>
     <span class='ocr_line' id='line_1_17' title="bbox 15 1243 1309 1305; baseline 0.006 -14"><span class='ocrx_word' id='word_1_115' title='bbox 15 1244 172 1305; x_wconf 68' lang='lat' dir='ltr'>magni</span> <span class='ocrx_word' id='word_1_116' title='bbox 211 1259 509 1291; x_wconf 77' lang='lat' dir='ltr'>commeatus</span> <span class='ocrx_word' id='word_1_117' title='bbox 555 1243 781 1292; x_wconf 82' lang='lat' dir='ltr'>frumenti</span> <span class='ocrx_word' id='word_1_118' title='bbox 826 1245 1035 1295; x_wconf 75' lang='lat' dir='ltr'>Romam</span> <span class='ocrx_word' id='word_1_119' title='bbox 1083 1249 1309 1301; x_wconf 69' lang='lat' dir='ltr'>subveffi.</span> 
     </span>
    </p>

    <p class='ocr_par' dir='ltr' id='par_1_3' title="bbox 0 1303 1528 2683">
     <span class='ocr_line' id='line_1_18' title="bbox 86 1303 1528 1384; baseline 0.009 -26"><span class='ocrx_word' id='word_1_120' title='bbox 86 1303 146 1360; x_wconf 86' lang='lat' dir='ltr'>V.</span> <span class='ocrx_word' id='word_1_121' title='bbox 188 1310 426 1375; x_wconf 81' lang='lat' dir='ltr'>Principio</span> <span class='ocrx_word' id='word_1_122' title='bbox 460 1311 629 1359; x_wconf 80' lang='lat' dir='ltr'>aestatis</span> <span class='ocrx_word' id='word_1_123' title='bbox 662 1310 794 1375; x_wconf 60' lang='lat' dir='ltr'>eius,</span> <span class='ocrx_word' id='word_1_124' title='bbox 827 1315 920 1380; x_wconf 67' lang='lat' dir='ltr'>qua</span> <span class='ocrx_word' id='word_1_125' title='bbox 954 1316 1052 1364; x_wconf 72' lang='lat' dir='ltr'>haec</span> <span class='ocrx_word' id='word_1_126' title='bbox 1091 1317 1193 1366; x_wconf 83' lang='lat' dir='ltr'>sunt</span> <span class='ocrx_word' id='word_1_127' title='bbox 1226 1335 1298 1384; x_wconf 83' lang='lat' dir='ltr'>ge·</span> <span class='ocrx_word' id='word_1_128' title='bbox 1322 1327 1402 1368; x_wconf 75' lang='lat' dir='ltr'>Res</span> <span class='ocrx_word' id='word_1_129' title='bbox 1424 1327 1528 1372; x_wconf 80' lang='lat' dir='ltr'>Grae·</span> 
     </span>
     <span class='ocr_line' id='line_1_19' title="bbox 15 1372 1405 1445; baseline 0.009 -22"><span class='ocrx_word' id='word_1_130' title='bbox 15 1372 112 1436; x_wconf 82' lang='lat' dir='ltr'>sta,</span> <span class='ocrx_word' id='word_1_131' title='bbox 160 1376 209 1426; x_wconf 86' lang='lat' dir='ltr'>P.</span> <span class='ocrx_word' id='word_1_132' title='bbox 259 1378 494 1445; x_wconf 82' lang='lat' dir='ltr'>Sulpicius</span> <span class='ocrx_word' id='word_1_133' title='bbox 554 1380 810 1445; x_wconf 76' lang='lat' dir='ltr'>proconsul</span> <span class='ocrx_word' id='word_1_134' title='bbox 867 1383 920 1430; x_wconf 68' lang='grc' dir='ltr'>δε</span> <span class='ocrx_word' id='word_1_135' title='bbox 978 1383 1171 1435; x_wconf 83' lang='lat' dir='ltr'>Attalus</span> <span class='ocrx_word' id='word_1_136' title='bbox 1219 1393 1405 1435; x_wconf 75' lang='lat' dir='ltr'>rexcc&#39;ae.</span> 
     </span>
     <span class='ocr_line' id='line_1_20' title="bbox 15 1446 1308 1520; baseline 0.009 -29"><span class='ocrx_word' id='word_1_137' title='bbox 15 1460 162 1509; x_wconf 90' lang='lat' dir='ltr'>quum</span> <span class='ocrx_word' id='word_1_138' title='bbox 205 1446 390 1511; x_wconf 80' lang='lat' dir='ltr'>AEginae</span> <span class='ocrx_word' id='word_1_139' title='bbox 437 1446 588 1514; x_wconf 82' lang='lat' dir='ltr'>(ficut</span> <span class='ocrx_word' id='word_1_140' title='bbox 627 1448 736 1497; x_wconf 74' lang='lat' dir='ltr'>ante</span> <span class='ocrx_word' id='word_1_141' title='bbox 773 1448 949 1498; x_wconf 52' lang='lat' dir='ltr'>dietum</span> <span class='ocrx_word' id='word_1_142' title='bbox 998 1451 1109 1520; x_wconf 82' lang='lat' dir='ltr'>est)</span> <span class='ocrx_word' id='word_1_143' title='bbox 1147 1454 1308 1502; x_wconf 85' lang='lat' dir='ltr'>hiber-</span> 
     </span>
     <span class='ocr_line' id='line_1_21' title="bbox 15 1512 1316 1582; baseline 0.011 -24"><span class='ocrx_word' id='word_1_144' title='bbox 15 1512 226 1572; x_wconf 77' lang='lat' dir='ltr'>nassent,</span> <span class='ocrx_word' id='word_1_145' title='bbox 264 1514 499 1563; x_wconf 87' lang='lat' dir='ltr'>Lemnum</span> <span class='ocrx_word' id='word_1_146' title='bbox 536 1516 676 1575; x_wconf 90' lang='lat' dir='ltr'>inde,</span> <span class='ocrx_word' id='word_1_147' title='bbox 722 1516 857 1566; x_wconf 80' lang='lat' dir='ltr'>claffe</span> <span class='ocrx_word' id='word_1_148' title='bbox 897 1516 1057 1582; x_wconf 58' lang='lat' dir='ltr'>juncia</span> <span class='ocrx_word' id='word_1_149' title='bbox 1082 1560 1097 1582; x_wconf 92' lang='lat'>‚</span> <span class='ocrx_word' id='word_1_150' title='bbox 1137 1521 1316 1572; x_wconf 85' lang='lat' dir='ltr'>Roma-</span> 
     </span>
     <span class='ocr_line' id='line_1_22' title="bbox 15 1584 1312 1655; baseline 0.009 -28"><span class='ocrx_word' id='word_1_151' title='bbox 15 1597 86 1628; x_wconf 81' lang='lat' dir='ltr'>nae</span> <span class='ocrx_word' id='word_1_152' title='bbox 142 1585 349 1649; x_wconf 81' lang='lat' dir='ltr'>quinque</span> <span class='ocrx_word' id='word_1_153' title='bbox 401 1584 452 1632; x_wconf 86' lang='lat'>&amp;</span> <span class='ocrx_word' id='word_1_154' title='bbox 498 1585 665 1651; x_wconf 83' lang='lat' dir='ltr'>viginti</span> <span class='ocrx_word' id='word_1_155' title='bbox 713 1589 1113 1653; x_wconf 80' lang='lat' dir='ltr'>quinqueremes,</span> <span class='ocrx_word' id='word_1_156' title='bbox 1165 1593 1312 1655; x_wconf 78' lang='lat' dir='ltr'>regiae</span> 
     </span>
     <span class='ocr_line' id='line_1_23' title="bbox 15 1650 1312 1725; baseline 0.009 -31"><span class='ocrx_word' id='word_1_157' title='bbox 15 1650 227 1716; x_wconf 83' lang='lat' dir='ltr'>quinque</span> <span class='ocrx_word' id='word_1_158' title='bbox 263 1654 313 1700; x_wconf 62' lang='grc' dir='ltr'>ἃ</span> <span class='ocrx_word' id='word_1_159' title='bbox 349 1653 534 1718; x_wconf 79' lang='lat' dir='ltr'>triginta</span> <span class='ocrx_word' id='word_1_160' title='bbox 559 1689 573 1710; x_wconf 81' lang='grc'><strong>,</strong></span> <span class='ocrx_word' id='word_1_161' title='bbox 610 1654 978 1704; x_wconf 74' lang='lat' dir='ltr'>transmiserunt.</span> <span class='ocrx_word' id='word_1_162' title='bbox 1028 1656 1088 1706; x_wconf 82' lang='lat' dir='ltr'>Et</span> <span class='ocrx_word' id='word_1_163' title='bbox 1138 1657 1312 1725; x_wconf 75' lang='lat' dir='ltr'>Philip-</span> 
     </span>
     <span class='ocr_line' id='line_1_24' title="bbox 17 1718 1312 1780; baseline 0.01 -17"><span class='ocrx_word' id='word_1_164' title='bbox 17 1733 130 1780; x_wconf 70' lang='lat' dir='ltr'>pus»,</span> <span class='ocrx_word' id='word_1_165' title='bbox 171 1733 256 1777; x_wconf 84' lang='lat' dir='ltr'>ut,</span> <span class='ocrx_word' id='word_1_166' title='bbox 298 1718 375 1767; x_wconf 89' lang='lat' dir='ltr'>seu</span> <span class='ocrx_word' id='word_1_167' title='bbox 415 1720 540 1767; x_wconf 64' lang='lat' dir='ltr'>terra</span> <span class='ocrx_word' id='word_1_168' title='bbox 576 1718 651 1768; x_wconf 85' lang='lat' dir='ltr'>seu</span> <span class='ocrx_word' id='word_1_169' title='bbox 701 1724 815 1769; x_wconf 76' lang='lat' dir='ltr'>mari</span> <span class='ocrx_word' id='word_1_170' title='bbox 856 1724 1050 1772; x_wconf 81' lang='lat' dir='ltr'>obviam</span> <span class='ocrx_word' id='word_1_171' title='bbox 1097 1728 1312 1777; x_wconf 87' lang='lat' dir='ltr'>eundum</span> 
     </span>
     <span class='ocr_line' id='line_1_25' title="bbox 16 1784 1310 1854; baseline 0.009 -22"><span class='ocrx_word' id='word_1_172' title='bbox 16 1784 136 1833; x_wconf 73' lang='lat' dir='ltr'>hosti</span> <span class='ocrx_word' id='word_1_173' title='bbox 177 1785 335 1844; x_wconf 85' lang='lat' dir='ltr'>foret,</span> <span class='ocrx_word' id='word_1_174' title='bbox 377 1804 563 1852; x_wconf 75' lang='lat' dir='ltr'>paratus</span> <span class='ocrx_word' id='word_1_175' title='bbox 601 1789 657 1836; x_wconf 83' lang='lat' dir='ltr'>ad</span> <span class='ocrx_word' id='word_1_176' title='bbox 697 1807 865 1839; x_wconf 86' lang='lat' dir='ltr'>omnes</span> <span class='ocrx_word' id='word_1_177' title='bbox 914 1809 1113 1841; x_wconf 83' lang='lat' dir='ltr'>conatus</span> <span class='ocrx_word' id='word_1_178' title='bbox 1161 1794 1310 1854; x_wconf 78' lang='lat' dir='ltr'>esset,</span> 
     </span>
     <span class='ocr_line' id='line_1_26' title="bbox 16 1852 1314 1916; baseline 0.008 -16"><span class='ocrx_word' id='word_1_179' title='bbox 16 1852 107 1916; x_wconf 72' lang='lat' dir='ltr'>ipse</span> <span class='ocrx_word' id='word_1_180' title='bbox 131 1852 492 1903; x_wconf 73' lang='lat' dir='ltr'>Demetriadem</span> <span class='ocrx_word' id='word_1_181' title='bbox 529 1856 588 1903; x_wconf 82' lang='lat' dir='ltr'>ad</span> <span class='ocrx_word' id='word_1_182' title='bbox 620 1876 748 1906; x_wconf 85' lang='lat' dir='ltr'>mare</span> <span class='ocrx_word' id='word_1_183' title='bbox 777 1859 1023 1909; x_wconf 83' lang='lat' dir='ltr'>descendit</span> <span class='ocrx_word' id='word_1_184' title='bbox 1050 1881 1059 1908; x_wconf 73' lang='grc' dir='ltr'><strong><em>ε</em></strong></span> <span class='ocrx_word' id='word_1_185' title='bbox 1085 1862 1314 1912; x_wconf 78' lang='lat' dir='ltr'>Larissam</span> 
     </span>
     <span class='ocr_line' id='line_1_27' title="bbox 0 1921 1315 1980; baseline 0.006 -9"><span class='ocrx_word' id='word_1_186' title='bbox 0 1921 141 1971; x_wconf 72' lang='lat' dir='ltr'>&gt;diem</span> <span class='ocrx_word' id='word_1_187' title='bbox 181 1923 238 1971; x_wconf 87' lang='lat' dir='ltr'>ad</span> <span class='ocrx_word' id='word_1_188' title='bbox 271 1925 658 1972; x_wconf 83' lang='lat' dir='ltr'>conveniendum</span> <span class='ocrx_word' id='word_1_189' title='bbox 690 1929 917 1976; x_wconf 75' lang='lat' dir='ltr'>exercitui</span> <span class='ocrx_word' id='word_1_190' title='bbox 953 1930 1117 1978; x_wconf 83' lang='lat' dir='ltr'>edixit.</span> <span class='ocrx_word' id='word_1_191' title='bbox 1154 1931 1315 1980; x_wconf 84' lang='lat' dir='ltr'>Undi-</span> 
     </span>
     <span class='ocr_line' id='line_1_28' title="bbox 17 1989 1310 2058; baseline 0.009 -22"><span class='ocrx_word' id='word_1_192' title='bbox 17 2005 110 2054; x_wconf 86' lang='lat' dir='ltr'>que</span> <span class='ocrx_word' id='word_1_193' title='bbox 147 1991 204 2038; x_wconf 89' lang='lat' dir='ltr'>ab</span> <span class='ocrx_word' id='word_1_194' title='bbox 245 1989 379 2040; x_wconf 86' lang='lat' dir='ltr'>sociis</span> <span class='ocrx_word' id='word_1_195' title='bbox 428 1993 689 2058; x_wconf 76' lang='lat' dir='ltr'>legationes</span> <span class='ocrx_word' id='word_1_196' title='bbox 742 1993 1108 2046; x_wconf 79' lang='lat' dir='ltr'>Demetriadem</span> <span class='ocrx_word' id='word_1_197' title='bbox 1143 2000 1201 2047; x_wconf 82' lang='lat' dir='ltr'>ad</span> <span class='ocrx_word' id='word_1_198' title='bbox 1235 1998 1310 2047; x_wconf 89' lang='lat' dir='ltr'>fa-</span> 
     </span>
     <span class='ocr_line' id='line_1_29' title="bbox 17 2060 1308 2125; baseline 0.009 -21"><span class='ocrx_word' id='word_1_199' title='bbox 17 2073 137 2106; x_wconf 84' lang='lat' dir='ltr'>mam</span> <span class='ocrx_word' id='word_1_200' title='bbox 171 2061 294 2125; x_wconf 79' lang='lat' dir='ltr'>regis</span> <span class='ocrx_word' id='word_1_201' title='bbox 331 2076 674 2109; x_wconf 80' lang='lat' dir='ltr'>convenerunt.</span> <span class='ocrx_word' id='word_1_202' title='bbox 711 2060 1003 2114; x_wconf 78' lang='lat' dir='ltr'>Sustulerant</span> <span class='ocrx_word' id='word_1_203' title='bbox 1036 2068 1165 2114; x_wconf 88' lang='lat' dir='ltr'>enim</span> <span class='ocrx_word' id='word_1_204' title='bbox 1200 2069 1308 2116; x_wconf 85' lang='lat' dir='ltr'>ani-</span> 
     </span>
     <span class='ocr_line' id='line_1_30' title="bbox 18 2127 1307 2196; baseline 0.009 -23"><span class='ocrx_word' id='word_1_205' title='bbox 18 2143 120 2174; x_wconf 87' lang='lat' dir='ltr'>mos</span> <span class='ocrx_word' id='word_1_206' title='bbox 155 2127 338 2186; x_wconf 85' lang='lat' dir='ltr'>AEtoli,</span> <span class='ocrx_word' id='word_1_207' title='bbox 374 2144 520 2192; x_wconf 85' lang='lat' dir='ltr'>quum</span> <span class='ocrx_word' id='word_1_208' title='bbox 553 2130 611 2177; x_wconf 84' lang='lat' dir='ltr'>ab</span> <span class='ocrx_word' id='word_1_209' title='bbox 647 2129 866 2180; x_wconf 80' lang='lat' dir='ltr'>Romana</span> <span class='ocrx_word' id='word_1_210' title='bbox 903 2133 1128 2183; x_wconf 85' lang='lat' dir='ltr'>societate</span> <span class='ocrx_word' id='word_1_211' title='bbox 1153 2173 1167 2196; x_wconf 81' lang='lat'>‚</span> <span class='ocrx_word' id='word_1_212' title='bbox 1203 2150 1307 2183; x_wconf 87' lang='lat' dir='ltr'>tum</span> 
     </span>
     <span class='ocr_line' id='line_1_31' title="bbox 19 2193 1305 2270; baseline 0.007 -28"><span class='ocrx_word' id='word_1_213' title='bbox 19 2193 116 2259; x_wconf 66' lang='lat' dir='ltr'>3³0st</span> <span class='ocrx_word' id='word_1_214' title='bbox 155 2194 305 2243; x_wconf 80' lang='lat' dir='ltr'>Attali</span> <span class='ocrx_word' id='word_1_215' title='bbox 338 2196 629 2257; x_wconf 87' lang='lat' dir='ltr'>adventum,</span> <span class='ocrx_word' id='word_1_216' title='bbox 667 2196 985 2267; x_wconf 85' lang='lat' dir='ltr'>finitimosque</span> <span class='ocrx_word' id='word_1_217' title='bbox 1027 2202 1305 2270; x_wconf 83' lang='lat' dir='ltr'>depopula-</span> 
     </span>
     <span class='ocr_line' id='line_1_32' title="bbox 20 2263 1302 2337; baseline 0.009 -29"><span class='ocrx_word' id='word_1_218' title='bbox 20 2275 214 2309; x_wconf 69' lang='lat' dir='ltr'>aantur:</span> <span class='ocrx_word' id='word_1_219' title='bbox 258 2280 346 2310; x_wconf 90' lang='lat' dir='ltr'>nec</span> <span class='ocrx_word' id='word_1_220' title='bbox 394 2263 669 2315; x_wconf 84' lang='lat' dir='ltr'>Acarnanes</span> <span class='ocrx_word' id='word_1_221' title='bbox 708 2267 858 2316; x_wconf 77' lang='lat' dir='ltr'>solum</span> <span class='ocrx_word' id='word_1_222' title='bbox 911 2269 1204 2337; x_wconf 78' lang='lat' dir='ltr'>Boeotique,</span> <span class='ocrx_word' id='word_1_223' title='bbox 1249 2272 1302 2320; x_wconf 71' lang='grc' dir='ltr'>δε</span> 
     </span>
     <span class='ocr_line' id='line_1_33' title="bbox 19 2329 1302 2402; baseline 0.009 -26"><span class='ocrx_word' id='word_1_224' title='bbox 19 2331 91 2395; x_wconf 79' lang='lat' dir='ltr'>qui</span> <span class='ocrx_word' id='word_1_225' title='bbox 124 2329 361 2379; x_wconf 78' lang='lat' dir='ltr'>Euboeam</span> <span class='ocrx_word' id='word_1_226' title='bbox 395 2332 632 2394; x_wconf 87' lang='lat' dir='ltr'>incolunt,</span> <span class='ocrx_word' id='word_1_227' title='bbox 678 2335 726 2382; x_wconf 88' lang='lat' dir='ltr'>in</span> <span class='ocrx_word' id='word_1_228' title='bbox 754 2353 928 2402; x_wconf 84' lang='lat' dir='ltr'>magno</span> <span class='ocrx_word' id='word_1_229' title='bbox 965 2354 1098 2386; x_wconf 78' lang='lat' dir='ltr'>metu</span> <span class='ocrx_word' id='word_1_230' title='bbox 1132 2353 1302 2400; x_wconf 82' lang='lat' dir='ltr'>erant3</span> 
     </span>
     <span class='ocr_line' id='line_1_34' title="bbox 20 2396 1305 2470; baseline 0.006 -25"><span class='ocrx_word' id='word_1_231' title='bbox 20 2396 94 2446; x_wconf 73' lang='lat' dir='ltr'>sed</span> <span class='ocrx_word' id='word_1_232' title='bbox 128 2398 295 2447; x_wconf 79' lang='lat' dir='ltr'>Achaei</span> <span class='ocrx_word' id='word_1_233' title='bbox 328 2417 520 2466; x_wconf 88' lang='lat' dir='ltr'>quoque</span> <span class='ocrx_word' id='word_1_234' title='bbox 541 2438 555 2460; x_wconf 82' lang='lat'>‚</span> <span class='ocrx_word' id='word_1_235' title='bbox 591 2419 713 2468; x_wconf 89' lang='lat' dir='ltr'>quos</span> <span class='ocrx_word' id='word_1_236' title='bbox 742 2402 880 2470; x_wconf 88' lang='lat' dir='ltr'>super</span> <span class='ocrx_word' id='word_1_237' title='bbox 912 2407 1172 2454; x_wconf 83' lang='lat' dir='ltr'>AEtolicum</span> <span class='ocrx_word' id='word_1_238' title='bbox 1204 2405 1305 2454; x_wconf 86' lang='lat' dir='ltr'>bel-</span> 
     </span>
     <span class='ocr_line' id='line_1_35' title="bbox 21 2463 1324 2540; baseline 0.005 -28"><span class='ocrx_word' id='word_1_239' title='bbox 21 2463 110 2530; x_wconf 81' lang='lat' dir='ltr'>lum</span> <span class='ocrx_word' id='word_1_240' title='bbox 157 2466 467 2516; x_wconf 85' lang='lat' dir='ltr'>Machanidas</span> <span class='ocrx_word' id='word_1_241' title='bbox 504 2471 646 2518; x_wconf 84' lang='lat' dir='ltr'>etiam</span> <span class='ocrx_word' id='word_1_242' title='bbox 693 2470 1086 2522; x_wconf 74' lang='lat' dir='ltr'>Lacedaemonius</span> <span class='ocrx_word' id='word_1_243' title='bbox 1138 2490 1324 2540; x_wconf 74' lang='lat' dir='ltr'>tyran-v</span> 
     </span>
     <span class='ocr_line' id='line_1_36' title="bbox 21 2535 1305 2606; baseline 0.007 -25"><span class='ocrx_word' id='word_1_244' title='bbox 21 2549 128 2592; x_wconf 87' lang='lat' dir='ltr'>nus,</span> <span class='ocrx_word' id='word_1_245' title='bbox 148 2535 272 2583; x_wconf 87' lang='lat' dir='ltr'>haud</span> <span class='ocrx_word' id='word_1_246' title='bbox 298 2536 780 2604; x_wconf 85' lang='lat' dir='ltr'>proculArgivorum</span> <span class='ocrx_word' id='word_1_247' title='bbox 807 2539 900 2588; x_wconf 86' lang='lat' dir='ltr'>fine</span> <span class='ocrx_word' id='word_1_248' title='bbox 926 2541 1089 2606; x_wconf 86' lang='lat' dir='ltr'>pofitis</span> <span class='ocrx_word' id='word_1_249' title='bbox 1113 2541 1305 2602; x_wconf 81' lang='lat' dir='ltr'>castris,</span> 
     </span>
     <span class='ocr_line' id='line_1_37' title="bbox 21 2602 1305 2683; baseline 0.006 -30"><span class='ocrx_word' id='word_1_250' title='bbox 21 2603 256 2653; x_wconf 70' lang='lat' dir='ltr'>terrebat:</span> <span class='ocrx_word' id='word_1_251' title='bbox 291 2605 338 2653; x_wconf 90' lang='lat' dir='ltr'>hi</span> <span class='ocrx_word' id='word_1_252' title='bbox 365 2622 536 2661; x_wconf 83' lang='lat' dir='ltr'>ornnes</span> <span class='ocrx_word' id='word_1_253' title='bbox 578 2605 668 2655; x_wconf 87' lang='lat' dir='ltr'>suis</span> <span class='ocrx_word' id='word_1_254' title='bbox 707 2602 903 2676; x_wconf 75' lang='lat' dir='ltr'>qiiisque</span> <span class='ocrx_word' id='word_1_255' title='bbox 935 2609 1167 2683; x_wconf 58' lang='lat' dir='ltr'>urbinus,</span> <span class='ocrx_word' id='word_1_256' title='bbox 1197 2629 1305 2679; x_wconf 85' lang='lat' dir='ltr'>quae</span> 
     </span>
    </p>
   </div>
   <div class='ocr_carea' id='block_1_3' title="bbox 985 2675 1075 2743">
    <p class='ocr_par' dir='ltr' id='par_1_4' title="bbox 985 2675 1075 2743">
     <span class='ocr_line' id='line_1_38' title="bbox 985 2675 1075 2743; baseline 0 -17"><span class='ocrx_word' id='word_1_257' title='bbox 985 2675 1075 2743; x_wconf 67' lang='lat' dir='ltr'>Ii]</span> 
     </span>
    </p>
   </div>
   <div class='ocr_carea' id='block_1_4' title="bbox 0 2009 15 3104">
    <p class='ocr_par' dir='ltr' id='par_1_5' title="bbox 0 2009 15 3104">
     <span class='ocr_line' id='line_1_39' title="bbox 0 2009 15 3104; baseline 0 0"><span class='ocrx_word' id='word_1_258' title='bbox 0 2009 15 3104; x_wconf 95' lang='lat' dir='ltr'> </span> 
     </span>
    </p>
   </div>
  </div>
 </body>
</html>
