1649 3104
327 143 683 199 LIBER

65 243 126 291 let
149 242 166 302 ζ
188 240 436 305 anquireret
455 276 471 300 ‚
500 235 580 306 (3)
607 238 760 303 quoad
797 237 874 286 vel
897 235 1064 301 capitis
1085 270 1101 293 ‚
1131 233 1208 283 vel
1226 243 1370 298 pecu·
1388 225 1584 326 {lg-{¹11³-

765 128 1089 197 XXVI.
1330 135 1373 208 ‘9'

64 310 153 359 nice
178 306 423 373 judicaffet
447 308 648 373 privato.
679 304 811 353 Tum
831 302 1145 368 Sempronius
1167 298 1243 365 (4)
1261 315 1371 365 per·

66 376 324 426 duellionis
341 375 386 424 se
402 373 612 441 judicare
632 370 727 422 Cn.
744 372 916 421 Fulvio
939 371 1059 418 dixit
1081 406 1093 426 ,
1123 367 1203 434 (5)
1220 367 1373 415 diem-

66 461 164 511 que
182 445 388 494 comitiis
413 443 473 492 ab
494 439 554 491 C.
574 440 840 507 Calpurnio
860 453 1069 506 praetore
1087 436 1213 485 urbis
1231 436 1373 509 petit.

65 510 189 563 Inde
208 513 297 561 alia
316 510 422 578 spes
445 508 503 560 ab
523 527 609 560 reo
627 523 809 559 tentata
823 507 889 557 est
904 527 931 571 3¹
946 505 980 555 fi
1001 502 1156 554 adesse
1172 505 1221 552 in
1239 502 1370 567 judi-

66 581 148 630 cio
173 577 245 645 Q.
266 579 463 630 Fulvius
494 577 640 627 frater
661 575 814 645 posset
834 614 846 633 ,
883 575 1062 625 florens
1083 587 1182 622 tum
1222 572 1274 620 &
1303 569 1373 618 fa·

67 648 151 699 m&
178 665 338 699 rerum
364 647 600 713 gestarum
621 683 635 706 ‚
686 646 737 695 ὃ(
774 646 981 711 propinq

64 716 327 784 potiundae.
358 716 415 764 Id
448 732 597 782 quum
625 730 711 781 per
731 714 908 761 litteras
932 713 997 760 mi

68 784 228 835 fratris
259 785 415 850 capite
430 783 626 848 scriptas
646 779 833 849 petisset
849 780 1045 829 Fulvius
1065 815 1080 838 ‚
1108 774 1376 842 negassent-

106 869 166 902 ue
199 851 359 901 Patres
391 869 416 900 e
441 851 688 919 republica
712 847 806 899 esse
830 884 847 909 ‚
879 847 1070 898 abseedi
1102 864 1128 894 a
1161 843 1373 910 Capua3

68 870 152 987 26)
169 918 420 987 postquam
439 920 542 969 dies
561 919 871 968 comitiorum
897 917 1059 966 aderat
1081 950 1095 976 ,
1133 912 1226 963 Cn.
1264 911 1375 962 Ful·

62 1004 180 1039 vvius
213 988 474 1038 exsulatum
512 986 802 1055 Tarquinios
840 986 954 1035 abiit
981 1005 991 1036 :
1023 983 1074 1034 id
1108 984 1153 1033 ei
1178 980 1264 1049 (7)
1287 978 1375 1047 jus-

70 1068 176 1105 tum
208 1055 423 1105 exsilium
458 1054 551 1105 esse
576 1094 588 1112 ‚
627 1054 767 1105 scivit
806 1054 963 1121 plebs,

139 1123 231 1174 IV.
248 1124 377 1173 Inter
394 1124 496 1173 haec
515 1125 589 1174 vis
612 1125 770 1173 omnis
793 1122 909 1172 belli
929 1117 1065 1172 versa
1081 1121 1129 1169 in
1155 1117 1375 1187 Capuam
1449 1117 1592 1171 Capuae

70 1206 199 1242 erat:
226 1191 531 1242 obsidebatur
554 1206 717 1241 tamen
755 1193 906 1241 acrius
942 1190 1086 1258 quem
1120 1206 1376 1256 oppugna·-
1395 1178 1545 1297 {2322

68 1258 244 1321 batur3
280 1277 369 1311 nee
399 1275 478 1309 aut
503 1259 683 1310 famem
712 1260 918 1309 tolerare
950 1260 1138 1307 fervida
1160 1276 1214 1306 ac
1237 1258 1377 1324 plebs

70 1342 325 1396 poterant,
378 1344 458 1377 aut
498 1331 689 1378 mittere
727 1330 928 1377 nuncios
974 1327 1035 1376 ad
1081 1325 1379 1375 Annibalem

70 1414 159 1464 per
182 1396 419 1447 custodias
442 1412 541 1446 tam
573 1396 737 1447 aretas.
769 1396 1004 1448 Inventus
1039 1393 1109 1443 est
1130 1393 1344 1443 Numida
1364 1430 1379 1455 ,

67 1514 123 1556 pe
141 1501 182 1541 in
209 1499 302 1555 jure
325 1516 443 1541 mores
473 1516 692 1555 opponun-

70 1573 139 1604 tur
167 1562 319 1618 legz'bus
343 1578 355 1604 .·
387 1563 481 1617 quia
505 1563 694 1603 nirnirurn

69 1624 146 1666 usu
186 1625 430 1681 derogatum
477 1625 693 1679 aliquando

67 1686 229 1742 legibus
250 1686 386 1727 fuerat
401 1717 412 1737 ,
446 1701 491 1729 ac
511 1689 694 1741 plerum-

71 1761 152 1802 que
180 1748 225 1790 in
263 1750 467 1790 mitiorem
497 1758 657 1803 partem
682 1763 693 1790 :

69 1809 184 1864 isque
199 1809 290 1851 usus
309 1843 319 1862 ,
339 1812 408 1851 ubi
427 1812 695 1853 diuturnitate

71 1873 271 1925 temporis
293 1876 583 1926 comprobatus
608 1873 695 1914 fue-

70 1944 134 1974 rat
155 1964 168 1984 ,
200 1933 305 1987 pene
325 1935 369 1974 in
384 1935 487 1990 legis
501 1936 581 1976 vim
595 1948 693 1976 eva·
724 1929 738 1934 '¹

72 1996 223 2036 luerat.

138 2070 157 2111 3
183 2055 332 2114 Quoad
347 2057 412 2097 vel
431 2060 576 2112 capitis
593 2089 604 2109 ‚
629 2059 697 2100 vel

70 2121 240 2172 pecuniae
261 2117 474 2172 judicaffet
500 2122 695 2176 privato]

74 2178 224 2220 Donec
244 2181 283 2220 id
305 2180 506 2223 assecutus
529 2180 630 2223 effet
651 2191 696 2222 ut

72 2243 249 2295 populus
265 2241 468 2296 judicaret
487 2243 671 2284 Fulvium
688 2277 697 2295 ,

73 2302 142 2356 qui
164 2311 259 2343 tunc
285 2305 464 2357 privatus
490 2314 576 2345 erat
597 2337 607 2356 ,
630 2308 697 2346 vel

73 2364 210 2417 capite
236 2396 247 2415 ,
282 2367 348 2406 vel
382 2367 556 2420 pecunia
602 2369 699 2408 mul·

74 2423 275 2467 flandum.

73 2527 75 2530 Α
135 2501 164 2538 4
183 2486 698 2543 PerduellionisfizjudIca·

71 2550 142 2604 re]
161 2549 446 2590 Perduellionis
462 2583 474 2602 ‚
508 2551 586 2593 sive
610 2568 700 2607 per-

74 2611 314 2650 duellionem
343 2611 519 2663 judicare
552 2615 700 2655 dicitur

76 2683 153 2733 300
183 2672 225 2717 ὅζ
263 2672 418 2732 juda,
448 2675 514 2732 qui
541 2676 702 2721 damnat

754 1512 945 1557 tanquam
974 1501 1273 1556 perduellionis
1291 1515 1383 1543 ma-

756 1563 970 1613 nifestum3
995 1564 1287 1614 &accusator,
1313 1563 1386 1618 qui

756 1626 936 1680 postulat
951 1636 995 1668 ut
1013 1640 1110 1667 reus
1129 1625 1389 1680 perduellio-

757 1689 819 1730 nis
834 1689 1062 1731 damnetur.
1080 1688 1147 1729 Sic
1164 1689 1206 1730 δε
1221 1690 1388 1729 accusa-

758 1760 826 1791 tor
852 1750 988 1805 paffirn
1006 1750 1155 1792 dicitur
1185 1751 1389 1791 condem-

758 1827 856 1853 nare
892 1827 1008 1854 reum
1033 1841 1044 1861 ,
1092 1814 1137 1852 id
1161 1813 1213 1863 est
1235 1845 1246 1863 ‚
1288 1814 1389 1853 dare

761 1888 933 1931 operam
977 1883 1023 1914 ut
1070 1875 1389 1916 condemnetur.

825 1951 843 1990 5
860 1937 1056 1990 Diemqae
1073 1936 1268 1990 comitiis]
1285 1935 1388 1976 Per-

759 1998 913 2040 duellio
934 1996 1192 2051 judicabatur
1207 1998 1389 2040 comitiis

757 2060 998 2102 centuriatis
1030 2092 1041 2110 ,
1073 2075 1163 2114 quae
1197 2060 1387 2101 tribunus

758 2122 912 2163 habere
941 2137 1024 2164 non
1056 2130 1255 2175 poterat:
1289 2122 1387 2162 ideo

759 2200 781 2225 a
806 2194 986 2238 praetore
1014 2186 1170 2225 urbano
1191 2184 1297 2225 diem
1315 2197 1388 2224 coe

760 2247 884 2287 mitiis
912 2247 1033 2301 petit.

823 2309 850 2350 6
865 2306 1074 2362 Postquam
1087 2309 1196 2348 diess
1209 2336 1218 2347 .
1234 2308 1389 2361 aderaz]

763 2370 900 2423 Quum
922 2370 1000 2423 jam
1019 2368 1172 2410 adesset
1188 2400 1202 2416 ,
1234 2369 1390 2408 adveu-

762 2441 871 2472 taret
887 2431 1027 2485 judicii
1045 2432 1146 2472 dies.

823 2508 849 2546 7
882 2493 1028 2543 Iustum
1061 2491 1272 2546 exsilium]
1301 2489 1392 2533 Vea-

761 2569 851 2595 rum
870 2555 1048 2594 exsilium
1070 2567 1114 2592 ac
1139 2553 1391 2607 legitimum,

763 2626 950 2670 tanquam
991 2615 1017 2654 si
1051 2613 1203 2667 judicio
1245 2614 1391 2671 populi

762 2678 954 2724 indictum
978 2674 1096 2720 effer.

1048 2734 1169 2797 ΑΥ.

988 642 1047 690 u&
1073 640 1155 708 spe
1185 636 1369 705 Capuae
1391 628 1430 670 It
1447 631 1491 702 f'n
1517 645 1589 673 ex-

1002 708 1260 760 serabiliter
1282 724 1370 772 pro
1383 692 1537 756 fillum,
