1649 3104
311 90 670 146 LIBER
753 89 1040 147 XXVI.
1260 108 1333 165 43

31 168 106 217 ais
129 169 274 218 oculis
306 172 346 219 ei
381 169 537 219 omnia
573 170 749 236 agenda
762 171 858 233 fine
877 171 1195 236 ,postuletfibi
1217 171 1334 220 alio·
1362 186 1561 235 {Ze-54¹·

33 254 127 284 rum
161 236 236 302 (5)
271 239 426 304 capita
458 255 514 284 ac
532 235 750 302 fhrtunas
783 240 1002 286 committi
1040 256 1054 287 :
1091 241 1276 303 proinde
1298 240 1557 304 sia-Cau·

36 306 286 364 videretur,
318 307 362 355 6³
389 307 521 353 redire
554 306 600 353 in
624 303 889 371 suffiagiztm
924 306 1154 354 Veturiam
1176 304 1342 370 junic-

37 389 129 419 rum
152 371 326 437 juberet
343 410 358 435 ‚
375 374 421 422 ἐξ)
439 373 696 438 memim‘ffet
723 371 801 439 (6)
835 375 881 422 in
902 372 1160 437 consulibus
1181 392 1341 423 crean-

35 440 111 488 dis
138 441 244 490 belli
277 444 401 507 quod
437 444 486 490 itz
525 442 670 491 Italia
689 444 754 504 fit
774 479 789 502 ‚
819 456 1149 507 temporumque
1193 444 1346 507 reipu-

36 507 179 557 blicae.
221 511 420 559 Vixdum
452 507 655 575 requieffe
687 527 819 558 aures
851 528 878 556 a
893 510 1076 576 strepitu
1101 509 1146 558 δ’
1177 511 1349 557 tumul-

33 590 87 625 tu
106 577 252 643 hostili
272 615 286 636 ,
315 597 402 643 quo
430 596 608 644 paucos
631 593 736 625 ante
761 583 926 639 menses
954 574 1191 640 affiderint
1207 596 1347 643 prope

38 648 200 692 moerzia
232 649 463 694 Romana.
505 644 586 710 (7)
632 643 741 694 Post
790 645 892 694 haec
943 661 1094 712 quum
1133 648 1352 694 centuria

35 709 261 778 frequens
286 711 638 771 succlamasset,
668 713 857 778 nihilse
887 729 1058 762 mutare
1085 712 1347 777 sententiae,

35 780 290 845 eosdemque
329 781 531 845 consules
577 783 767 829 diHuros
805 778 887 844 effe
919 800 940 840 ;
977 796 1083 828 tum
1118 780 1358 847 Torqua--

36 861 111 895 tus
132 885 145 907 ,
181 851 342 915 lVeque
363 867 439 915 ego
458 850 648 913 vestros,
675 850 859 915 inquit,
889 868 1032 897 mores
1063 849 1224 914 consul
1228 849 1345 916 ferre

31 931 183 981 potero
206 954 218 973 ‚
250 936 389 981 neque
412 936 498 965 vos
531 917 763 983 imperium
794 935 955 966 meum.
993 918 1156 965 Redite
1185 917 1347 984 insuf-

24 977 229 1050 fragium
249 1025 259 1041 ,
296 986 340 1034 ἃ
387 987 580 1051 cogitate
612 985 774 1033 bellum
811 986 1039 1034 Punicum
1079 987 1128 1034 in
1158 984 1306 1034 Italia
1332 1023 1345 1042 ,

36 1051 82 1100 ἐξ»
113 1054 299 1117 hostium
335 1056 487 1102 ducem
517 1053 796 1102 Annibalem
832 1052 929 1118 effe.
958 1051 1092 1100 Tum
1128 1055 1346 1103 centuria

33 1120 90 1170 &
121 1120 401 1170 aufioritate
434 1135 567 1170 mota
591 1123 719 1181 viri,
757 1122 809 1171 δί
843 1122 1179 1170 εάιῃίῑεητὶυῐῃ
1219 1125 1345 1171 circa

31 1186 224 1237 fremitu
249 1227 263 1248 ‚
298 1192 418 1256 petit
451 1208 478 1237 a
523 1188 716 1238 consule
742 1226 757 1250 ,
784 1202 836 1239 ut
880 1189 1133 1237 Veturiam
1180 1187 1346 1240 senio—

33 1273 141 1304 rum
172 1258 352 1306 citaret.
390 1257 516 1307 Velle
537 1256 634 1322 sese
667 1276 767 1307 cum
802 1256 1050 1324 majoribus
1089 1272 1204 1306 natu
1244 1259 1354 1307 col-0

33 1325 192 1390 loqui,
228 1324 273 1373 6³
304 1343 360 1373 ex
391 1327 658 1374 aubloritate
675 1344 821 1375 eorum
847 1325 1054 1390 consules
1083 1326 1240 1374 dicere.
1262 1324 1361 1375 Ci-

31 1394 139 1441 tatis
171 1392 390 1442 Veturiae
422 1392 721 1453 senioribus,
760 1393 923 1443 datum
953 1393 1140 1443 secretb
1177 1392 1258 1460 (8)
1296 1396 1346 1443 in

33 1458 173 1510 Ovili
203 1478 313 1510 cum
343 1462 414 1510 his
437 1462 750 1530 colloquendi
784 1476 996 1529 tempus.
1025 1460 1259 1511 seniores
1285 1462 1351 1512 de

29 1530 183 1579 tribus
212 1528 559 1580 consulendum
598 1532 823 1580 dixerunt
863 1531 956 1580 effe
976 1569 988 1587 ,
1029 1529 1222 1579 duobus
1249 1527 1348 1594 jam

29 1596 184 1665 plenis
217 1597 489 1661 honorum,
521 1598 593 1665 Q.
622 1599 806 1658 Fabio,
840 1600 893 1650 ὃ(
933 1597 1010 1649 Μ.
1043 1596 1288 1649 Marcello
1326 1616 1346 1662 3

101 1720 117 1760 5
142 1706 354 1761 Aliorum]
393 1708 544 1762 Scripti
579 1722 656 1749 vo-

35 1783 125 1812 cem
173 1769 356 1809 inserunt
372 1801 382 1820 ,
427 1770 515 1822 post
549 1769 656 1809 alio-

33 1847 114 1874 rum
139 1863 150 1881 ‚
189 1832 294 1871 unde
350 1830 654 1886 conjiciendum

30 1893 89 1935 est
106 1925 116 1945 ,
133 1893 301 1947 postulet
313 1891 391 1945 fibi
409 1893 656 1934 oculatorum

33 1959 166 2011 capita
181 1985 190 1996 .
210 1985 219 1995 .
236 1985 245 1995 .
276 1958 484 1998 committi.

95 2019 122 2060 6
151 2017 207 2057 Et
242 2015 497 2072 meminiffet]
538 2017 656 2073 Lege

35 2088 128 2120 cum‘
148 2079 360 2120 veteribus
380 2079 502 2121 editis
524 2083 652 2120 memi-

35 2139 127 2194 nlffe
144 2172 154 2190 ,
182 2151 227 2180 ut
254 2141 461 2183 referatur
481 2142 529 2183 ad
556 2156 661 2184 cen-›-

32 2204 196 2244 turiam.

96 2278 121 2313 7
143 2262 234 2321 Quo
248 2293 257 2304 .
272 2292 284 2304 .
300 2296 310 2306 .
325 2263 525 2318 affederirzt
536 2281 652 2321 prope

32 2328 172 2366 moenia
193 2325 405 2383 Romana]
442 2331 544 2370 Cum
568 2344 649 2384 quo

31 2387 166 2429 hostes
182 2388 229 2427 ad
249 2388 330 2441 ipsa
351 2403 481 2444 prope
500 2392 650 2431 moenia

30 2449 152 2491 Rom.
181 2448 413 2490 assederint.
447 2450 646 2492 Cetersslm

27 2514 70 2554 in
103 2513 232 2552 verbo
263 2510 464 2565 affederzfnt
490 2514 647 2554 variant

719 1707 859 1762 potius
874 1751 879 1755 ,
893 1708 1237 1761 circumsonuerint
1247 1739 1259 1760 ‚
1290 1708 1349 1752 ita

718 1780 766 1810 ut
790 1773 929 1809 moem'a
949 1771 1067 1811 Rom.
1090 1768 1357 1824 accipiantur·

719 1831 760 1872 in
778 1832 892 1871 tepeo
920 1833 1027 1873 casu.

783 1894 807 1934 8
826 1892 874 1932 In
892 1894 1035 1950 Ovili]
1053 1894 1098 1936 Id
1120 1892 1177 1936 est
1193 1922 1204 1944 ,
1224 1895 1266 1936 in
1281 1895 1346 1938 10·=

716 1969 768 1996 co
781 1957 973 1997 cancellis
987 1957 1164 2012 undique
1185 1957 1349 2010 clauso„

715 2019 785 2073 qui
826 2028 1001 2073 propter
1040 2018 1351 2061 similitudinem*

715 2094 810 2121 cum
845 2080 894 2120 iis
928 2080 1085 2136 septis,
1115 2082 1155 2122 in
1192 2083 1340 2137 quibus

715 2141 965 2184 stabulantur
1004 2158 1151 2200 greges
1174 2176 1184 2194 ,
1222 2143 1344 2184 Ονίῖε

714 2205 943 2246 dicebatur.
979 2206 1081 2246 Eum
1115 2207 1156 2246 in
1200 2207 1340 2246 locum

714 2265 878 2322 fingulae
897 2267 1093 2308 centuria:
1110 2299 1120 2318 ‚
1142 2277 1266 2322 prout
1283 2269 1343 2307 ci«

715 2330 907 2369 tabantur
923 2360 932 2375 ‚
950 2328 1134 2385 ingreffae
1151 2361 1164 2377 ‚
1181 2329 1236 2369 ita
1256 2329 1340 2369 suf==

713 2390 886 2446 fragium
905 2392 1094 2432 ferebant
1109 2423 1118 2441 ,
1135 2401 1179 2430 ut
1200 2391 1336 2431 nemi-

713 2453 754 2492 ni
783 2454 948 2493 interim
977 2453 1124 2493 liceret
1155 2453 1195 2492 in
1218 2451 1336 2493 Ovili

711 2513 807 2556 effe.
834 2516 934 2555 Ideo
971 2515 1228 2554 dimittuntur
1263 2513 1334 2568 se*-

19 2574 191 2616 -codices
206 2605 217 2625 ,
233 2573 339 2613 unde
355 2573 646 2631 forsanlegen-
707 2576 847 2618 niores
864 2608 874 2627 ,
900 2587 1116 2629 antequam
1137 2575 1328 2632 juniores

28 2635 127 2678 dum
137 2650 238 2692 ,quo
254 2665 264 2679 .
278 2664 289 2678 .
308 2635 532 2690 ‚fhnuerint
546 2669 558 2690 ,
573 2639 643 2679 vel
706 2637 939 2695 suffragium
959 2639 1114 2681 ineant.
