1649 3104
264 138 368 197 '450
574 124 857 183 INDEX
925 127 1258 185 RERUM.

271 217 422 260 Oratio
445 219 655 261 Annibalis
679 221 726 261 ad
745 221 983 275 Scipionem
1004 252 1015 272 ,
1039 221 1126 262 XX
1142 221 1197 263 X.
1219 235 1291 278 30.
1312 220 1360 263 ad
1387 219 1566 268 senatum

335 280 717 338 Carthaginiensem
736 315 748 334 ‚
786 296 856 337 34.

275 360 333 373 ·—
355 342 745 399 Carthaginiensium
768 346 996 399 legatorum
1015 343 1064 384 de
1082 357 1183 398 pace
1201 374 1211 394 ,
1234 345 1372 387 XXX.
1397 359 1450 388 22
1464 377 1475 398 ,
1495 360 1569 398 42.

275 423 333 434 —
355 405 417 445 M.
441 405 602 446 Claudii
622 406 813 447 Marcelli
833 436 843 455 ‚
875 405 1031 446 XXV2'.
1055 418 1126 458 31.
1151 407 1333 448 XXVII.
1359 421 1426 463 13.

269 484 327 498 ·-
349 464 391 506 P.
413 466 601 509 Cornelii
619 469 822 521 Scipionis
841 498 850 515 ‚
870 470 933 520 qui
948 466 1157 520 Africanus
1179 468 1300 507 dicius
1318 468 1369 519 est
1387 500 1396 518 ‚
1418 469 1464 510 ad
1485 469 1569 513 mil.

328 525 489 571 XXVI.
507 542 560 580 41
586 562 595 580 ,
615 542 688 584 43.
708 530 755 569 ad
769 530 974 569 Allucium
988 528 1297 569 Celtiberorum
1319 530 1541 585 principem
1555 561 1567 583 ‚
1585 579 1594 584 -

335 600 392 641 50
429 590 477 630 ad
497 592 579 631 mil.
606 590 788 631 xxvnl
827 603 879 629 27
901 622 911 640 ,
939 603 957 645 3
976 611 1009 630 l..
1030 591 1070 630 in
1091 590 1260 640 senatu,
1282 592 1585 646 respondentis

329 649 455 692 Fabio
478 684 487 702 ,
522 664 595 707 43.
631 652 680 693 ad
710 650 951 693 Mafiniffam
971 682 983 703 ,
1017 653 1158 694 XXX.
1201 666 1268 705 14.
1304 652 1352 693 ad
1384 653 1568 695 Anniba-

331 713 414 753 lem
433 745 443 763 ‚
472 725 544 768 31.

271 787 331 804 -·
352 775 405 829 Q.
423 775 531 815 Fabii
549 775 663 816 Max.
681 773 941 817 Cunftatoris
964 774 1003 815 in
1025 774 1191 826 senatu,
1211 790 1262 816 ne
1279 775 1462 831 Scipioni
1480 788 1573 831 pro·

245 851 253 854 “
332 837 466 876 vincia
486 836 623 878 Africa
646 838 860 878 mandetur
880 869 891 886 ‚
918 836 1120 877 XXVIII.
1142 852 1215 887 40.

273 912 330 925 -·
351 896 532 939 Indibilis
553 898 756 953 Hispaniae
784 899 918 954 reguli
942 899 990 939 ad
1008 898 1243 951 Scipionem
1262 927 1276 947 ,
1302 899 1480 944 XXVII.
1505 912 1574 955 17.

333 960 535 1000 XXVIII.
560 974 630 1015 34.
653 962 701 1001 ad
722 962 814 1000 suos
835 991 845 1009 ‚
870 960 1026 1000 XXIX.
1049 973 1093 1001 2.

274 1035 332 1050 -
352 1020 614 1062 Locrensium
643 1023 876 1078 legatorum
902 1022 1205 1080 deplorantium
1234 1020 1422 1066 fortunas
1453 1022 1541 1065 suas
1562 1052 1576 1076 ,

337 1083 498 1124 XXIX.
526 1097 594 1137 17.

276 1159 334 1172 —
353 1144 547 1200 Magonis
571 1146 620 1187 ad
647 1144 793 1188 Gallos
816 1177 827 1196 ,
856 1143 1016 1188 XXIX.
1047 1158 1085 1198 5.

277 1223 335 1234 —
355 1205 566 1248 Mafiniffae
586 1209 634 1248 ad
663 1208 899 1263 Scipionem
917 1236 932 1256 ,
958 1205 1164 1250 XXVIII.
1194 1219 1267 1263 35.
1297 1206 1385 1264 ejus
1415 1207 1578 1266 legato·

338 1281 428 1309 rum
450 1300 461 1320 ‚
493 1269 630 1311 XXX.
659 1284 727 1323 17.

277 1344 335 1358 -
357 1329 532 1385 Philippi
557 1331 598 1372 in
619 1330 797 1372 concilio
819 1330 1066 1371 Achaeorum
1089 1361 1099 1381 ‚
1122 1328 1329 1374 XXVIII.
1353 1330 1397 1375 8.

279 1406 336 1418 -·
359 1391 677 1448 Saguntinorum
699 1393 929 1448 legatorum
946 1423 957 1443 ,
985 1390 1184 1433 XXVIII.
1208 1404 1280 1448 39.

279 1467 338 1480 ····
357 1453 588 1496 Siculorum
607 1486 617 1506 ,
646 1455 685 1495 in
706 1453 951 1495 Marcellum
969 1483 981 1505 ‚
1008 1453 1170 1495 XXVI.
1193 1465 1267 1508 30.

279 1528 337 1542 ·-
357 1514 632 1569 Sophonisbae
659 1516 707 1556 ad
726 1513 998 1563 Mafinifl'am,
1027 1513 1163 1555 XXX.
1190 1528 1260 1557 12·

279 1590 336 1602 -
359 1576 558 1631 Syphacis
588 1579 637 1618 ad
661 1577 897 1631 Scipionem
917 1609 927 1625 ‚
961 1575 1102 1618 XXX·
1135 1588 1203 1627 13.

275 1655 335 1671 -
353 1638 417 1679 M.
441 1640 605 1681 Valerii
625 1639 780 1681 Laevini
798 1638 846 1680 ad
862 1637 1032 1682 AEtolos
1052 1668 1065 1690 ,
1088 1638 1127 1680 X
1140 1637 1282 1681 XVI.
1301 1649 1377 1692 24.
1399 1634 1441 1681 in
1461 1635 1581 1682 sena&

341 1708 389 1741 tu
406 1731 416 1750 ,
446 1702 516 1755 36.

279 1781 340 1795 ·-
357 1762 478 1804 Vibii
494 1761 606 1806 Virii
622 1760 799 1805 aufioris
817 1761 1121 1819 Campanorum
1135 1759 1379 1806 defectionis
1393 1791 1404 1815 ,
1418 1759 1584 1807 XXVI·

349 1835 417 1878 13.

278 1882 440 1927 Orestis
459 1918 469 1938 ,
494 1885 613 1942 regio
633 1918 644 1937 ,
669 1886 855 1929 XXVII.
885 1898 956 1941 33.

280 1946 441 1988 Oreum
461 1980 472 1999 ,
499 1950 593 1988 urbs
619 1948 660 1988 in
686 1948 842 1989 Euboea
860 1979 871 1999 ‚
900 1946 1108 1989 XXVIII.
1139 1961 1179 2001 5.

276 2006 452 2051 Oricum
471 2041 482 2061 ‚
514 2009 670 2051 XXVI.
697 2024 769 2063 25.
798 2012 838 2050 in
859 2023 1003 2050 eorum
1022 2008 1124 2052 fines
1153 2007 1323 2051 subitam
1345 2007 1582 2064 expeditio·⁴

341 2085 435 2112 nem
455 2071 554 2113 facit
575 2071 786 2126 Philippus
806 2104 817 2123 ,
846 2071 944 2112 ibid.

278 2130 452 2189 Oringis
470 2164 482 2182 ‚
509 2135 603 2175 urbs
621 2134 825 2187 Hispaniae
843 2166 853 2185 ,
877 2135 1007 2173 eadem
1017 2131 1182 2188 fbrtaffe
1201 2148 1280 2186 quae
1298 2130 1455 2175 Aurinx
1471 2164 1483 2186 ,
1504 2146 1582 2187 op·

338 2206 543 2250 pugnatur
571 2196 613 2236 ὅ(
640 2196 798 2251 capitur
822 2211 844 2236 a
872 2195 904 2235 L
942 2195 1136 2249 Scipione
1156 2226 1166 2245 ,
1197 2194 1399 2236 XXVIII.
1429 2207 1468 2250 3.
1495 2195 1582 2252 ejus

339 2270 439 2312 ager
459 2257 634 2313 frugifer
654 2273 667 2306 ;
697 2267 909 2313 argentum
931 2258 1076 2298 incolae
1096 2256 1260 2303 fodiunt
1278 2288 1290 2309 ‚
1319 2255 1417 2299 ibid.
1458 2265 1464 2267 “

278 2315 473 2369 Oritani,
499 2319 644 2360 incolae
674 2319 782 2361 Orei
801 2350 811 2369 ‚
836 2318 1042 2361 XXVIII.
1070 2318 1110 2359 8.

285 2378 422 2420 Orsua
442 2381 483 2421 ὃς
501 2379 650 2421 Corbis
677 2382 888 2436 patrueles
919 2380 1067 2422 fratres
1089 2380 1139 2420 de
1158 2380 1388 2436 principatu
1409 2379 1585 2425 civitatis

349 2441 462 2483 ferro
488 2451 649 2483 certant
667 2474 678 2494 ,
699 2443 904 2484 XXVIII.
930 2454 999 2483 21.

289 2501 408 2544 Ostia
430 2505 523 2544 urbs
544 2535 556 2555 ,
579 2503 756 2546 XXVII.
784 2518 856 2546 22.
883 2504 1040 2545 XXIX.
1074 2515 1140 2555 14.

287 2563 404 2605 Ostia
422 2565 645 2618 Tiberina,
670 2566 830 2608 XXVI.
862 2579 926 2619 ¹9.
949 2564 1072 2606 Ostiae
1093 2568 1202 2606 lacus
1221 2562 1497 2620 ‚fivefhrtaffe
1514 2565 1584 2608 lud·

355 2640 428 2667 cus
452 2627 502 2667 de
527 2630 636 2669 coelo
661 2627 819 2678 tacius,
847 2626 1024 2668 XXVII.
1059 2639 1126 2669 11.

285 2684 482 2733 Ostiensis
502 2690 648 2746 populi
669 2690 827 2734 vacatio
852 2689 1095 2732 observatur
1114 2719 1127 2739 ,
1152 2686 1330 2734 XXVII.
1357 2687 1432 2746 38.
