1649 3104
233 101 403 173 '108
692 114 1178 175 T.LIVI1

22 230 26 240 ·
73 209 265 274 U·9·543·
285 209 355 275 Q.
388 209 588 259 Fabium
610 211 861 261 ‘consulem
894 213 1019 262 mitti
1051 212 1183 278 juffae
1208 233 1219 264 :
1249 215 1412 265 cetera
1447 214 1588 269 claffe

74 267 263 318 ⁸·4‘·2C9·
284 279 550 344 praedatum
581 281 629 328 in
662 279 877 329 Africam
897 319 911 340 ,
950 295 1029 329 aut
1061 280 1213 347 ipsum
1239 281 1312 332 M.
1332 278 1585 336 Valerium

281 347 535 396 Laevinum
565 346 782 410 trajicere
816 367 831 408 3
865 363 945 396 aut
989 350 1210 409 mittere,
1261 351 1341 400 seu
1376 351 1430 401 L.
1472 353 1587 404 Cin-

281 416 439 476 cium,
470 415 550 466 seu
576 416 648 466 M.
672 416 923 464 Valerium
954 415 1220 467 Messalam.
1257 418 1363 467 Nec
1389 421 1449 468 de
1481 421 1588 469 His-

280 487 421 550 pania
458 487 714 552 quicquam
769 499 1037 543 mutatum,
1087 484 1171 533 nifi
1219 488 1362 552 quod.
1393 506 1491 536 non
1534 492 1585 538 in

203 560 206 561 ’
277 570 457 602 annum
485 552 699 620 Scipioni
742 550 1037 619 Silanoque,
1081 552 1198 611 sed,
1239 555 1398 604 donec
1443 574 1584 606 revo-

278 624 373 670 cati
403 622 461 669 ab
491 621 653 670 senatu
672 619 830 669 forent
851 636 1197 686 ,prorogatum
1223 625 1480 689 imperium
1498 624 1582 675 est.
1630 631 1643 637 ‘

279 688 352 737 Ita
393 691 656 755 provinciae
707 690 1100 757 exercituumque
1144 692 1193 739 in
1248 709 1360 741 eum
1403 709 1583 742 annum

276 772 450 825 partita
484 759 701 823 imperia.

350 823 485 876 VIII.
538 826 669 874 Inter
709 823 950 892 majorum
998 843 1157 874 rerum
1200 845 1334 876 curas
1386 829 1584 878 comitia

276 897 474 943 maximi
511 897 751 951 curionis,
795 912 943 961 quum
977 896 1025 942 in
1064 895 1225 944 locum
1273 895 1348 944 M.
1394 897 1579 946 AEmilii

276 962 503 1013 sacerdos
552 977 824 1021 crearetur,
873 979 1015 1011 vetus
1057 964 1389 1012 excitaverunt
1429 980 1584 1014 certa-

88 1035 146 1082 ⁵6.
163 1037 260 1078 Ma-
280 1048 395 1079 men
425 1050 434 1078 :
477 1034 685 1098 patriciis
731 1033 1014 1098 negantibus
1053 1029 1112 1080 C.
1149 1030 1357 1079 Mamilii
1391 1031 1582 1093 Vituli,

67 1103 204 1143 milius
282 1101 362 1165 qui
395 1117 514 1148 unus
539 1117 596 1148 ex
621 1099 765 1167 plebe
795 1099 1021 1166 petebat,
1045 1099 1317 1148 habendam
1342 1102 1584 1151 rationem

61 1167 213 1220 primus
284 1166 376 1216 effe
401 1207 415 1229 ‚
452 1169 560 1236 quia
603 1186 751 1217 nemo
789 1184 896 1216 ante
934 1186 1077 1227 eum,
1109 1166 1191 1215 nifi
1225 1185 1284 1217 ex
1318 1168 1534 1218 Patribus
1564 1208 1582 1230 ,

68 1242 117 1266 ex
137 1224 247 1296 plebe
282 1236 330 1284 id
365 1235 682 1286 sacerdotium
720 1235 966 1286 habuisset.
1009 1234 1213 1285 Tribuni
1241 1237 1496 1303 appellati,
1517 1238 1581 1287 ad

64 1302 263 1360 mafczmus
280 1304 494 1354 senatum
527 1304 810 1368 reiecerunt.
838 1303 914 1371 (ς)
947 1303 1145 1354 Senatus
1171 1306 1340 1372 populi
1365 1305 1582 1372 potesta-
1631 1316 1633 1318 ’

63 1365 188 1391 cuno.
277 1388 377 1422 tem
410 1373 539 1423 fecit.
582 1373 655 1422 Ita
676 1376 855 1440 primus
879 1390 946 1421 ex·
970 1374 1112 1440 plebe
1137 1389 1323 1422 creatus
1344 1378 1582 1423 maximus

91 1441 258 1482 Flamen
277 1445 409 1491 curio
443 1441 501 1491 C.
535 1442 782 1490 Mamilius
807 1441 1016 1490 Vitulus.
1044 1441 1105 1490 Et
1139 1442 1383 1491 flaminem
1403 1443 1581 1492 dialem

59 1503 181 1574 dcjalzss
198 1507 260 1575 fn·
275 1512 481 1560 invitum
525 1512 792 1577 inaugurari
836 1514 996 1575 coegit
1029 1509 1078 1558 P.
1111 1509 1320 1559 Licinius
1361 1511 1580 1576 pontifex

59 1578 163 1606 mus
190 1582 254 1606 ²⁷²·
272 1582 510 1628 maximus
542 1577 605 1628 C.
640 1579 886 1629 Valerium
922 1579 1160 1628 Flaccum.
1198 1577 1468 1627 Decemvir
1509 1579 1580 1628 saa

59 1643 227 1724 auzgar-
272 1650 360 1696 cris
397 1647 627 1697 faciundis
661 1662 844 1696 creatus
875 1649 923 1694 in
955 1648 1118 1695 locum
1156 1645 1228 1711 Q.
1267 1647 1421 1696 Mucii
1451 1646 1578 1697 Scae-

59 1702 145 1793 fig,
270 1717 399 1765 volae
431 1718 701 1776 demortui,
744 1715 804 1765 C.
841 1715 1090 1764 Laetorius.
1129 1713 1332 1764 Causam
1375 1717 1582 1784 inaugu-

54 1799 58 1803 ·
129 1768 360 1833 ιΜωΤεΠί
382 1784 529 1834 ςοειξὶί
548 1785 748 1833 flaminis
779 1784 932 1832 libens
962 1782 1243 1849 reticuissent
1263 1822 1280 1842 ,
1304 1786 1350 1832 ni
1372 1802 1432 1834 ex
1451 1785 1576 1835 mala

263 1852 392 1903 fama
425 1856 472 1903 in
510 1854 688 1903 honam
722 1852 949 1903 vertisset.
983 1851 1073 1901 Ob.
1095 1851 1467 1903 adolescentiam
1496 1870 1577 1903 ne-

259 1922 526 1990 gligentem
553 1920 935 1989 luxuriosamque
975 1919 1032 1970 C.
1070 1919 1265 1969 Flaccus
1290 1920 1369 1987 (6)
1396 1922 1574 1973 flamen

258 2006 428 2059 captus
485 2009 511 2039 a
558 1990 608 2043 P.
649 1990 835 2040 Licinio
887 1987 1121 2057 pontifice
1163 1990 1376 2040 maximo
1421 2005 1577 2052 erat;

323 2142 341 2183 5
367 2129 691 2185 Senatus-populi
704 2130 879 2183 potesta·
947 2130 1072 2183 Quod
1102 2138 1238 2169 autem
1267 2125 1334 2169 hic
1367 2128 1414 2170 L.
1451 2129 1573 2171 Flac-

255 2204 333 2233 tem
355 2191 491 2247 fecit]
522 2193 696 2233 Senatus
723 2193 884 2232 censuit:
945 2206 1016 2232 cus
1047 2192 1194 2231 flamen
1227 2202 1368 2244 captus
1407 2206 1574 2234 memo-

251 2254 611 2308 liberamhujusce
626 2254 881 2307 reipotesta-
946 2265 1057 2294 ratur
1089 2270 1107 2293 a
1148 2253 1347 2306 ponti-fiee
1389 2256 1571 2297 maximo

254 2324 340 2357 tem
361 2318 519 2372 populo
544 2316 624 2359 effe
641 2317 882 2372 relinquen·
945 2318 998 2356 ob
1021 2316 1339 2356 adolescentiam
1358 2319 1574 2373 negligen-

255 2378 361 2420 dam.
944 2387 1031 2418 tem>
1055 2379 1387 2433 luxuriosamque
1407 2411 1418 2430 ‚
1447 2380 1574 2420 nimi..

317 2441 343 2482 6
372 2440 537 2481 Flamen
567 2443 732 2498 captus]
761 2443 875 2483 Ver-
944 2455 1030 2481 rum
1059 2442 1237 2494 speravit·
1264 2441 1454 2494 pontifex
1484 2456 1570 2482 ma-

250 2503 348 2543 bum
377 2504 418 2543 in
453 2504 527 2544 hac
566 2517 611 2544 re
645 2505 870 2557 proprium.
936 2503 1065 2544 ximus
1098 2535 1108 2553 ,
1152 2504 1189 2542 id
1234 2505 1342 2557 quod
1379 2506 1565 2555 evenit,

247 2563 481 2606 Dicebatur
502 2566 608 2606 enim
630 2565 779 2606 flamen
799 2582 865 2606 ca·
933 2566 1025 2605 fore
1062 2575 1106 2606 ut
1137 2568 1291 2605 animus
1330 2564 1417 2616 ejus
1457 2564 1561 2606 cur-‘2

240 2629 321 2682 pi,
351 2627 509 2668 vestalis
544 2631 633 2682 capi
652 2660 663 2679 ,
695 2628 733 2668 id
767 2628 822 2667 est
852 2660 864 2680 ,
932 2628 1135 2667 sacrorum
1168 2627 1208 2666 δε
1230 2627 1555 2671 caerimoniarum

244 2689 343 2747 eligi
376 2705 399 2732 a
433 2689 631 2747 pontifice
669 2690 864 2736 maximo.
928 2699 1153 2746 occupatus
1178 2689 1275 2732 vitia
1309 2698 1503 2735 exueret..
