1649 3104
277 112 631 168 LIBER

20 227 106 261 *nus
151 211 402 259 imminere
447 208 701 259 videbatur
732 244 744 263 ‚
793 223 953 273 neque
1005 203 1222 254 consules
1274 205 1322 252 in
1341 197 1390 240 U·

26 278 263 345 republica
306 291 438 326 erant
462 315 475 335 ‚
518 277 566 324 in
599 273 814 324 consules
849 272 1117 339 designatos
1153 290 1322 321 omnes

714 105 1061 169 xxvii.
1214 69 1316 166 16}

29 343 182 406 versl,
215 347 571 411 quamprimum
608 360 692 391 eos
729 340 881 391 sortiri
922 341 1194 405 provincias
1220 378 1233 398 ‚
1270 341 1323 388 δί

30 412 103 481 (3)
123 411 416 479 praesciscere
439 430 582 479 quam
603 409 797 477 quisque
817 425 985 457 eorum
1001 409 1295 473 provinciam
1310 443 1324 466 9

29 497 169 546 quem
203 479 390 543 hostem
430 481 626 528 haberet
650 516 663 538 ,
701 477 944 528 volebant.
985 474 1066 522 De
1104 475 1323 522 reconci-
1357 477 1455 532 coff.
1471 479 1534 519 de-

29 547 219 596 liatione
266 551 408 596 etiam
452 549 612 613 gratiae
657 562 827 594 eorum
871 546 920 592 in
964 542 1129 591 senatu
1170 541 1515 610 nastumfignati1

26 613 94 664 est
111 653 124 674 ,
149 618 383 681 principio
408 615 531 663 facio
557 633 580 661 a
606 613 675 678 Q.
698 613 845 662 Fabio
871 612 1102 660 Maximo.
1126 609 1206 675 (4)
1229 608 1325 657 Ini-
1344 619 1380 672 ΓΞ
1401 616 1537 641 conca-

29 684 215 731 micitiae
252 698 411 731 autem
450 681 637 730 nobiles
674 684 796 729 inter
833 698 917 729 eos
951 694 1081 727 erant
1107 716 1122 735 ‚
1160 676 1236 744 (ς)
1274 665 1509 726 &hautun

29 750 295 798 acerbiores
342 767 420 799 eas
462 747 848 814 indignioresque
894 747 1036 795 Livio
1083 745 1159 794 sua
1206 746 1329 793 cala·

29 819 166 867 mitas
209 816 391 866 fecerat
420 856 434 875 ‚
474 817 603 883 quod
639 816 848 881 spretum
885 815 931 862 se
966 817 1013 863 in
1047 831 1102 862 ea
1139 813 1332 862 fortuna

29 886 285 935 credebat:
322 888 480 952 itaque
511 888 549 933 is
580 886 727 950 magis
762 883 1075 949 implacabilis
1107 894 1206 931 erat
1232 900 1242 930 :
1278 883 1331 931 &

29 953 142 1001 nihil
168 971 278 1018 opus
316 953 396 1018 effi
429 953 778 1001 reconciliatione
807 988 821 1008 ,
856 951 1011 999 aiebat
1048 967 1058 997 ε

1102 950 1251 997 αενὶὶις
1287 949 1332 997 δ’

28 1022 236 1068 intentiz‘zs
269 1024 415 1069 omnia
447 1023 636 1088 gesturos
655 1056 671 1076 ,
696 1021 892 1066 timentes
924 1017 1000 1084 (6)
1036 1036 1087 1064 ne
1121 1017 1337 1083 crescendi

28 1106 85 1135 ex
107 1087 157 1152 fi
196 1090 374 1136 inimico
415 1090 587 1155 collegae
615 1089 809 1154 potestas
830 1088 971 1150 fieret.
1005 1085 1138 1134 Vicit
1171 1100 1332 1133 tamen

28 1155 280 1204 auctoritas
331 1155 511 1204 senatus
550 1193 565 1216 ‚
614 1169 665 1203 ut
699 1192 713 1213 ‚

587 1221 881 1288 confihoque

29 1226 275 1273 communi
347 1226 507 1271 animo

758 1153 922 1220 positis
971 1152 1283 1202 fimultatibus
1317 1192 1332 1214 ,

954 1221 1334 1270 administrarent

1340 265 1376 296 a.

1395 199 1533 245 c.544;

1382 248 1532 295 (2208.

27 1292 393 1358 rempublicam.
437 1291 704 1340 Provinciae
741 1291 797 1338 iis
838 1307 938 1339 non
972 1289 1209 1357 permistae
1247 1307 1330 1338 re·
1379 1292 1551 1335 Provin-

27 1360 247 1427 gionibus
273 1397 287 1420 ‚
320 1358 435 1407 ficut
467 1357 789 1424 superioribus
819 1359 950 1406 annis
973 1395 987 1417 ,
1017 1357 1098 1406 sed
1131 1357 1327 1405 diversae
1349 1359 1416 1426 ⁶1}ss
1449 1417 1462 1425 ἡ
1492 1360 1547 1398 iis

25 1431 251 1476 extremis
290 1426 438 1474 Italiae
474 1425 648 1475 finibus
679 1464 695 1487 ,
731 1427 867 1474 alteri
903 1426 1134 1474 adversus
1169 1419 1497 1473 AnmstWJJae.

29 1495 188 1543 halem
230 1493 395 1543 Bruttii
426 1533 439 1554 ‚
472 1495 690 1554 Lucani3
730 1494 865 1542 alteri
906 1492 1068 1543 Gallia
1100 1493 1332 1541 adversus

29 1562 345 1612 Asdrubalem
374 1561 559 1629 (quem
585 1560 684 1627 jam
715 1562 920 1628 Alpibus
944 1563 1333 1628 appropinquare

29 1629 155 1678 fama
205 1628 355 1692 erat)
407 1631 614 1679 decreta.
661 1629 937 1678 Exercitum
985 1647 1045 1678 ex
1097 1630 1287 1678 duobus
1319 1668 1336 1690 ‚

33 1699 113 1763 qui
145 1699 191 1745 in
224 1696 381 1748 Gallia
403 1736 416 1758 ,
447 1700 623 1764 quique
651 1700 701 1746 in
738 1697 924 1747 Etruria
959 1697 1105 1747 essent
1127 1735 1140 1755 ‚
1172 1699 1338 1746 addito

31 1766 213 1814 urbano
246 1803 261 1825 ‚
310 1766 508 1833 eligeret
551 1783 696 1831 quem
737 1766 902 1815 mallet
933 1804 949 1825 ‚
999 1769 1080 1832 qui
1129 1764 1339 1815 Galliam

34 1832 146 1882 esset
181 1832 383 1882 sortitus.
420 1832 513 1883 Cui
551 1834 724 1882 Bruttii
767 1836 1018 1900 provincia
1064 1831 1295 1883 evenisset
1318 1872 1337 1892 ,

31 1903 172 1949 novis
209 1901 476 1967 legionibus
515 1903 703 1950 urbanis
738 1903 949 1967 scripti3‚
990 1905 1139 1950 utrius
1176 1903 1342 1951 mallet

34 1968 282 2019 consulum
316 1971 488 2035 prioris
524 1972 634 2018 anni
667 1972 934 2020 exercitum
970 1969 1193 2020 sumeret.
1234 1971 1340 2019 Re-

95 2113 115 2153 3
144 2099 413 2153 Praefhisicere]
438 2099 647 2145 Praescire.

32 2160 142 2204 Vide
169 2161 326 2202 XXVI.
351 2174 422 2215 33.

96 2237 124 2273 4
162 2220 388 2261 Inimicitiae
408 2252 418 2262 .
436 2253 446 2264 .
463 2254 474 2264 .
499 2225 649 2267 nobiles

34 2284 136 2323 inter
153 2298 216 2322 eos
233 2286 368 2338 erant]
390 2283 506 2326 Ortae
527 2300 578 2326 ex
595 2302 647 2328 eo

31 2343 141 2399 quod
159 2345 201 2384 in
227 2344 381 2398 judicio
403 2347 474 2387 illo
506 2349 545 2387 in
567 2364 647 2402 quo

32 2405 172 2447 Livius
223 2407 430 2448 damnatus
482 2409 648 2458 fuerat,

32 2466 147 2508 Nero
165 2466 357 2508 adversus
371 2484 463 2510 eum
474 2470 649 2512 testimo-

32 2528 141 2570 nium
171 2529 344 2571 dixisset.

0 2584 1 2644 J
101 2603 119 2641 5
150 2590 205 2631 Et
235 2591 443 2632 acerbiores
471 2595 570 2648 eas]
595 2594 648 2636 Et

0 2682 1 2700 2
38 2651 235 2695 calamitas
260 2653 363 2695 Livii
389 2655 572 2708 fecerat,
602 2667 649 2698 ut

711 2102 898 2143 acerbius
918 2102 959 2142 in
981 2116 1032 2143 eo
1055 2103 1190 2143 odium
1212 2102 1338 2154 ess'et,

711 2164 754 2205 ὅ(
803 2178 855 2204 ex
889 2165 1133 2221 indignitate
1176 2165 1337 2220 injuriae

714 2240 863 2267 acrius.

775 2288 800 2328 6
843 2288 910 2328 Ne
944 2287 1134 2341 crescendi
1168 2304 1215 2328 ex
1246 2288 1331 2343 [ἑ]

713 2350 850 2403 Quum
881 2351 1052 2404 ‚quisque
1081 2351 1248 2390 timeret
1281 2363 1334 2389 ne

715 2425 766 2450 ex
783 2413 899 2465 culpa
912 2422 981 2451 aut
995 2413 1246 2466 negligentia
1263 2412 1334 2452 sua

713 2473 830 2513 daret
868 2473 1122 2513 occasionem
1166 2473 1332 2512 inimico

711 2536 884 2590 collegae
916 2534 1153 2575 crescendi,
1196 2534 1237 2574 &
1271 2544 1332 2574 at-

710 2597 886 2635 tolleret
914 2597 1032 2650 supra
1063 2595 1103 2635 se
1123 2594 1334 2637 inimicum

712 2660 932 2714 collegam.
