1649 3104
318 122 675 182 Ltnssn
734 115 1040 178 XXIX.
1211 126 1328 199 '309

29 216 283 293 priusquam
324 240 468 269 eorum
507 219 655 286 scelus
697 219 884 284 expietis
911 255 926 275 ,
967 235 1100 284 neque
1143 217 1189 266 in
1233 220 1329 267 Ita·
1343 203 1540 283 U·⁰·543{

24 290 101 340 >lia
138 326 153 348 ,
203 307 333 354 neque
387 290 432 336 in
481 287 648 353 Africa
705 287 933 351 quicquam
982 289 1044 334 rei
1083 263 1546 352 gqffiritis;³·c·²0⁴·

26 355 121 415 ἕπε,
158 359 278 422 quod
297 355 525 423 piaculum
561 355 862 419 commiserunt
889 391 903 410 ,
946 371 1032 400 non
1064 353 1150 417 suo
1185 353 1335 417 solum

33 424 278 492 sanguine,
315 423 400 490 sed
438 424 569 470 etiam
609 421 796 488 publicci
838 422 960 469 clade
1001 421 1139 469 luant.
1184 424 1343 485 Quan-

38 510 170 561 quam
207 510 258 541 ne
293 508 407 540 nunc
449 487 650 556 quidem'‚
702 491 759 538 P.
797 490 843 537 C.
888 503 969 537 aut
1016 490 1060 536 in
1106 491 1292 536 ducibus
1317 525 1337 549 ‚

36 574 120 610 aut
153 561 198 607 in
230 560 440 608 militibus
479 559 629 624 vestris
662 556 795 622 ceffizt
826 559 893 605 ira
929 559 1030 604 deae.
1074 557 1335 620 Aliquoties

28 625 128 696 jam
155 629 267 676 inter
290 626 340 693 se
359 627 499 692 signis
530 625 705 672 collatis
739 638 1041 672 concurrerunt
1064 641 1079 671 .·
1111 626 1204 672 dux
1225 624 1340 671 alte-

38 696 134 744 -rius
149 698 297 762 partis
325 693 571 743 Pleminius
587 728 602 749 ,
637 692 818 739 alterius
849 695 934 741 duo
962 693 1124 740 tribuni
1150 692 1338 740 militum

34 780 169 818 verant
202 782 216 812 .·
261 781 346 812 non
383 761 531 809 acrius
576 778 671 807 curn
715 760 1138 827 Carthaginiensibus
1157 795 1172 816 ,
1208 759 1340 825 quam.

42 833 158 881 inter
195 831 246 898 se
282 830 371 898 'ipfi
406 826 526 892 ferro
582 829 899 875 dimicaverunt
922 845 944 885 ,⁹
983 826 1344 892 praebuiffi’ntque

38 901 340 965 occasionem,
373 895 524 961 fictore
551 894 637 960 suo
659 931 674 951 ,
711 896 877 942 Locros
916 895 1151 959 recipiendi
1186 895 1343 944 Anni·

46 968 170 1027 hali,
201 968 248 1016 ni
276 967 446 1016 accitus
475 964 531 1011 ab
562 964 688 1010 nobis
722 964 876 1028 Scipio
905 962 1205 1028 interveniffit.
1240 964 1342 1021 At,

45 1036 244 1086 Hercule
264 1072 279 1093 ,
309 1033 467 1083 milites
503 1035 719 1078 contattos
741 1030 976 1096 sacrilegio
1000 1028 1134 1094 fitror
1160 1030 1307 1097 agitat
1317 1047 1342 1089 ;

34 1103 95 1154 -in
121 1105 304 1151 ducibus
330 1103 433 1167 ipsis
452 1099 687 1164 puniendis
718 1098 881 1145 nullum
909 1099 995 1145 decc
1016 1116 1170 1145 numen
1201 1115 1346 1164 appa·

47 1172 149 1220 ruit.
183 1172 319 1219 Immo
363 1170 426 1216 ibi
465 1165 655 1232 praesens
693 1167 882 1212 maxime
908 1163 1016 1228 fiiit.
1068 1166 1218 1231 Virgis
1247 1167 1349 1230 caefi

47 1240 210 1288 tribuni
243 1239 299 1285 ab
334 1235 478 1302 legato
505 1233 626 1298 sunt.
660 1234 854 1299 Legatus
882 1234 1034 1284 deinde
1067 1234 1233 1297 insidiis
1264 1235 1350 1281 tri-

48 1308 257 1355 bunorum
305 1305 565 1367 interceptus
585 1337 601 1358 ,
633 1316 919 1366 praeterquam
961 1299 1080 1364 quod
1120 1315 1213 1348 toto
1251 1318 1350 1348 cor·

47 1391 153 1441 pore
190 1373 410 1421 laceratus
438 1407 454 1427 ‚
502 1368 608 1434 naso
648 1386 812 1433 quoque
860 1367 1119 1432 auribusque
1156 1369 1310 1432 decisis
1331 1404 1349 1426 ,

48 1441 287 1507 exsanguis
317 1440 372 1504 est
401 1439 568 1485 relift'us
594 1453 608 1483 t
648 1435 721 1501 (8)
754 1452 968 1484 recreatus
994 1437 1146 1484 deinde
1178 1436 1351 1502 legatus

51 1527 108 1556 ex
143 1508 393 1557 vulneribus
424 1543 438 1563 ,
484 1505 678 1552 tribunos
716 1505 899 1551 militum
937 1506 983 1552 in
1025 1502 1206 1552 vincula
1245 1521 1350 1551 con·

41 1575 209 1643 jeHos,
242 1576 340 1623 dein
366 1573 641 1628 verberatos,
666 1570 982 1637 servilibusque
1013 1574 1211 1620 omnibus
1239 1570 1352 1637 sup-

47 1645 205 1712 pliciis
250 1642 468 1691 cruciatos
503 1637 578 1705 (9)
619 1640 877 1686 trucidando
907 1639 1070 1688 occidit
1088 1658 1110 1699 ;
1155 1655 1351 1688 mortuos

23 1747 26 1749 >
52 1713 206 1760 deinde
236 1710 464 1775 prohibuit
482 1706 674 1771 sepeliri.
710 1709 816 1754 Has
848 1709 928 1754 dea
954 1725 1108 1772 poenas
1138 1727 1167 1755 a
1202 1707 1354 1772 templi

45 1780 123 1847 fiii
151 1777 469 1844 spoliatoribus
500 1776 629 1822 babet
646 1792 666 1832 ‚·
702 1792 779 1821 nec
817 1775 917 1822 ante*
965 1777 1123 1840 desinet
1152 1777 1353 1823 omnibus

56 1865 129 1894 eos
160 1846 328 1912 agitare
351 1841 489 1908 furiis
510 1878 526 1899 ,
556 1842 685 1906 qua'rn
720 1844 902 1907 reposita
929 1841 1065 1907 fizcra
1086 1844 1278 1909 pecunia
1305 1844 1354 1890 in

58 1913 272 1979 thesauris
289 1910 441 1978 fiterit.
459 1906 661 1972 Majores
683 1912 897 1974 quondam
917 1912 1049 1976 nostri
1060 1947 1076 1968 ‚
1097 1913 1228 1977 gravi
1254 1912 1357 1960 Cro-

55 1983 307 2044 toniensium
346 1980 457 2027 bello
488 2015 502 2036 ‚
537 1978 641 2041 quia
685 1991 810 2024 extra
849 1979 994 2025 urbem
1027 1978 1231 2044 ternplum
1265 1979 1322 2045 est
1342 2014 1360 2036 ‚

10 2107 17 2111 ,
57 2046 290 2113 transferre
317 2049 362 2095 in
391 2047 533 2094 urbem
559 2063 651 2092 eam
671 2045 902 2110 pecuniam
933 2045 1165 2094 voluerunt
1189 2065 1202 2094 .·
1237 2048 1362 2094 noffu

56 2118 214 2167 audita
242 2134 297 2163 ex
335 2114 510 2162 delubro
540 2129 633 2158 vox
666 2114 754 2177 est,
793 2112 1104 2162 Abstinerent
1137 2131 1324 2162 manus⁴
1344 2130 1360 2163 ε

54 2184 201 2242 ‚deam
229 2182 310 2231 sua
335 2181 514 2248 templa
539 2178 855 2238 defensuram.
885 2182 1008 2247 Quia
1034 2184 1235 2231 movendi
1259 2183 1361 2230 inde

57 2284 335 2341 'sanstiffimum
355 2283 410 2323 est
426 2317 436 2335 ,
457 2298 508 2324 ne
528 2284 574 2325 iis
596 2285 674 2327 mi·
801 2298 826 2339 9
873 2280 1123 2325 Tmcidando
1167 2286 1316 2326 occidit
1338 2283 1360 2339 ]

40 2344 200 2405 'litibus
233 2347 400 2395 utamini
429 2347 476 2386 ad
506 2360 572 2386 res
596 2345 677 2386 five
740 2344 951 2400 Significat
969 2378 980 2396 ,
1009 2361 1093 2393 non
1121 2356 1256 2387 tortos
1277 2346 1363 2399 {so-

55 2407 103 2453 in
123 2409 237 2449 Italia
254 2440 265 2459 ,
286 2406 367 2448 five
387 2409 426 2447 in
445 2407 583 2450 Africa
603 2421 678 2463 geo
743 2405 824 2447 mm
844 2437 854 2457 ‚
879 2407 946 2447 sed
977 2409 1085 2449 omni
1115 2409 1268 2449 sevitiae
1292 2420 1363 2463 ge·

40 2470 228 2513 .·tendas.
745 2482 845 2510 nere
868 2471 1065 2510 truncatis
1093 2471 1259 2510 artubus
1287 2469 1368 2508 dif-

62 2566 70 2572 ,
128 2531 151 2571 8
180 2529 393 2570 Recreatus
417 2531 551 2570 deinde
575 2531 684 2586 lega·
746 2540 913 2581 cerptos
934 2532 1096 2572 tandem
1112 2541 1287 2574 mortem
1306 2530 1370 2572 in-

66 2594 158 2646 tus]
175 2592 274 2634 Vox
291 2593 431 2632 ultima
450 2593 584 2632 omitti
609 2607 685 2646 po·
750 2590 921 2633 venisse.

64 2651 142 2704 [est
158 2682 170 2704 ,
190 2668 308 2713 quam
329 2663 464 2696 tamen
481 2651 851 2712 servant-codices.
