1649 3104
80 200 268 263 U-5-549.

78 258 169 299 as„

290 114 402 193 353
632 95 1178 174 'T.L1vr1

287 212 415 261 mata
445 211 606 260 tunica
641 212 803 262 donat.
825 211 919 280 (3)
941 212 1095 261 Addit
1119 214 1280 263 verbis
1310 212 1549 264 honorem·
1570 246 1590 276 9

176 271 268 315 ²⁰3‘
285 282 443 345 Neque
471 281 820 346 magnificentius
846 284 1077 345 quicquam
1101 283 1319 349 triumpho
1345 285 1469 350 apud
1494 285 1601 330 Ro«-

112 1159 272 1199 Cartha-

78 1221 266 1274 gfstiensses

73 1296 213 1335 parem

75 1357 101 1396 p
110 1357 228 1387 emat.

284 366 438 396 manos
457 385 473 405 ‚
507 366 639 413 neque
663 350 1033 414 triumphantibus
1064 351 1318 415 ampliorem
1349 369 1398 398 eo
1433 364 1591 398 ornatu

281 415 362 481 effi
379 435 400 474 ,·
432 434 515 482 quo
547 435 677 465 unum
712 419 900 464 omnium
933 430 1203 466 externorum
1235 421 1410 485 dignum
1436 420 1595 482 Masi-

281 483 440 549 niffizrn
467 485 662 550 populus
697 487 828 532 Rom.
869 485 1016 532 ducat.
1049 485 1249 534 Laelium
1286 487 1500 545 deinde,
1536 486 1592 534 &

279 552 437 618 ipsum
467 553 821 611 collaudatum,
852 554 995 601 aurea
1022 553 1203 602 corona
1231 554 1406 604 donat:
1429 554 1482 605 &
1510 553 1592 601 aiii:

280 620 508 669 militares
550 622 676 679 viri,
718 635 864 686 prout
909 638 935 669 a
980 639 1177 688 quoque
1225 637 1395 671 navata
1439 638 1594 688 opera»

282 702 384 737 erat
405 727 421 748 ,
460 689 640 737 donati,
668 687 758 736 His
795 689 1058 738 honoribus
1087 688 1299 738 mollitus
1330 691 1454 757 regis
1485 691 1591 738 ani-

279 773 389 805 mus
409 793 423 815 ,
459 754 734 822 erecstusque
765 758 814 805 in
846 756 980 822 spem
1017 760 1374 824 propinquam,
1400 757 1593 806 sublato
1648 795 1649 799 ,

281 822 507 890 Syphace
529 861 543 883 ,
573 826 733 873 omnis
768 825 1013 873 Numidiae
1052 827 1315 892 potiundee.

350 891 493 943 XVI.
525 891 688 958 Scipio
707 930 721 952 ,
744 891 806 942 C.
826 893 974 942 Laelio
1000 911 1111 941 cum
1138 892 1361 960 Syphace
1393 893 1593 959 aliisque

282 961 488 1025 captivis
528 959 741 1010 Romam
781 960 916 1010 misso
939 998 953 1020 ,
991 979 1101 1010 cum
1137 963 1306 1028 quibus
1350 963 1403 1011 &
1440 960 1594 1010 Masi-

282 1026 414 1076 niffae
444 1028 588 1094 legati
622 1027 826 1096 profe&
863 1029 967 1078 sun-t
988 1067 1004 1087 ,
1032 1028 1131 1095 ipse
1163 1030 1222 1078 ad
1253 1028 1447 1078 Tuneta
1488 1047 1594 1078 rur·

288 1094 392 1143 sum
423 1098 572 1145 castra
605 1096 785 1157 refert3
819 1098 905 1156 &,
933 1116 1039 1163 quae
1068 1099 1369 1147 munimenta
1402 1097 1597 1146 inchoa-

291 1179 430 1215 verat
456 1202 472 1226 ,
514 1167 774 1231 permunit.
815 1163 1266 1233 Carthaginienses,
1310 1183 1410 1215 non
1456 1166 1602 1215 brevi

292 1231 447 1281 solum
472 1269 486 1292 ‚
523 1232 605 1282 sed
640 1251 794 1299 prope
823 1251 952 1282 vano
989 1234 1163 1300 gaudio
1189 1272 1203 1295 ,
1238 1234 1297 1282 ab
1338 1234 1448 1283 satis
1482 1251 1600 1301 pro-

292 1300 430 1367 spera
460 1305 508 1348 in
545 1300 750 1367 praesens
783 1305 1146 1368 oppugnatione
1179 1301 1327 1350 claffis
1347 1338 1361 1360 ‚
1390 1300 1598 1368 perfufi,

292 1367 401 1437 post
430 1368 606 1417 famam
639 1372 764 1434 capti
796 1369 1031 1435 Syphacis
1059 1371 1106 1417 in
1139 1387 1234 1436 quo
1265 1370 1372 1436 plus
1405 1387 1557 1436 prope
1579 1407 1596 1430 ‚

293 1437 439 1505 quam
473 1439 520 1485 in
559 1437 822 1486 Asdrubale
856 1454 999 1504 atque
1030 1440 1246 1487 exercitu
1276 1437 1358 1487 suo
1393 1438 1490 1504 spei
1521 1457 1599 1486 re-

290 1505 591 1572 posuerant,
641 1504 881 1572 perculsi,
918 1506 1016 1571 jam
1063 1506 1195 1555 nulio
1247 1505 1438 1554 anfion?
1482 1507 1604 1556 belli

287 1574 413 1623 ultra
447 1575 639 1636 audito,
665 1590 883 1623 oratores
912 1575 971 1623 ad
1002 1592 1173 1641 pacem
1202 1573 1464 1639 petendam
1493 1578 1607 1623 mit-

286 1656 394 1692 tunt
433 1644 625 1709 triginta
658 1642 898 1692 seniorum
939 1645 1218 1709 principes:
1251 1643 1302 1690 id
1345 1658 1445 1691 erat
1487 1641 1599 1692 san-

288 1709 407 1759 &ius
439 1711 567 1776 apud
602 1711 711 1760 ilios
741 1710 992 1760 confilium
1015 1750 1029 1772 ,
1068 1711 1168 1778 (4)
1201 1712 1504 1779 nffaximaque
1536 1712 1598 1762 ad

286 1778 446 1844 ipsum
483 1777 697 1828 senatum
735 1780 1000 1846 regendum
1035 1780 1125 1828 vis.
1163 1777 1268 1843 Qui
1312 1780 1392 1828 ubi
1427 1783 1476 1828 in
1509 1798 1596 1829 ca-

289 1847 383 1895 stra
425 1847 645 1895 Romana
690 1850 740 1896 ὃς
783 1849 1059 1914 praetorium
1100 1862 1460 1913 pervenerunt,
1492 1848 1602 1916 (5)

290 1932 431 1964 more
467 1916 764 1964 adulantium
788 1916 1063 1982 (accepto,
1101 1915 1247 1963 credo
1270 1950 1282 1972 ‚
1320 1916 1413 1963 ritu
1451 1932 1509 1965 ex
1544 1934 1602 1966 ea

291 1985 493 2049 regione
517 2021 532 2041 ‚
563 2001 622 2031 ex
659 2001 750 2049 qua
780 1985 973 2032 oriundi
1011 1981 1183 2048 erant)
1218 1983 1601 2048 procubuerunt.

291 2049 609 2101 Conveniens
650 2052 804 2100 oratio
842 2066 941 2100 tam·
978 2051 1146 2099 humili
1180 2050 1445 2101 adulationi
1477 2052 1608 2116 fuit,

291 2137 394 2168 non
443 2119 634 2185 cuipam
688 2122 1031 2186 purgantium,
1077 2119 1159 2168 sed
1207 2119 1600 2172 transferentium

291 2189 478 2236 initium
526 2189 680 2253 cuipae
723 2190 771 2236 in
821 2188 1115 2237 Annibalem
1142 2224 1157 2248 ,
1203 2189 1603 2259 impotentiaeque

358 2311 378 2354 3
416 2299 546 2340 Addit
563 2298 684 2338 verbi<
706 2299 915 2354 honorem]
981 2299 1141 2339 senatus
1171 2299 1255 2353 ipse
1282 2299 1449 2342 fineret.

289 2361 447 2403 Munus
477 2362 642 2416 insuper
670 2371 789 2401 ornat
817 2375 915 2402 ver·
1047 2377 1066 2414 ς
1093 2362 1204 2401 More
1220 2362 1603 2419 adulantiumJMo-

293 2424 374 2465 bis.
981 2437 1027 2462 re
1049 2438 1191 2463 eorum
1209 2425 1275 2478 qui
1294 2426 1411 2478 proni
1430 2425 1470 2467 &
1487 2427 1600 2469 humi

356 2499 387 2534 4
419 2484 679 2538 Maximaque
711 2486 764 2523 ad
791 2482 915 2540 ipsum
979 2484 1169 2539 prostrati
1223 2499 1344 2541 reges
1396 2487 1565 2528 adorant
1583 2502 1599 2531 2

286 2545 469 2600 senatum
488 2549 690 2601 regendum
712 2548 805 2600 vis]
836 2546 915 2587 Cui
979 2561 1068 2601 quae
1098 2547 1285 2588 adoratio
1314 2561 1454 2604 regum
1470 2579 1482 2598 ,
1501 2551 1601 2606 adu-

292 2609 457 2662 quidem
478 2608 645 2649 consilio
666 2609 836 2649 maxima
855 2609 917 2649 in·
979 2608 1082 2651 latio
1101 2624 1130 2652 a.
1146 2609 1301 2653 Latinis
1320 2609 1547 2658 dicebatur.

293 2679 386 2710 erat
405 2670 623 2715 auetoritas
638 2700 654 2722 ,
673 2670 752 2727 qua
767 2670 808 2714 se
825 2671 918 2729 regi
