<?xml version="1.0" encoding="UTF-8"?>
<!DOCTYPE html PUBLIC "-//W3C//DTD XHTML 1.0 Transitional//EN"
    "http://www.w3.org/TR/xhtml1/DTD/xhtml1-transitional.dtd">
<html xmlns="http://www.w3.org/1999/xhtml" xml:lang="en" lang="en">
 <head>
  <title>
</title>
<meta http-equiv="Content-Type" content="text/html;charset=utf-8" />
  <meta name='ocr-system' content='tesseract 3.04.00' />
  <meta name='ocr-capabilities' content='ocr_page ocr_carea ocr_par ocr_line ocrx_word'/>
</head>
<body>
  <div class='ocr_page' id='page_1' title='image "./tliviipatavinihi0202livy_0111.png"; bbox 0 0 1649 3104; ppageno 0'>
   <div class='ocr_carea' id='block_1_1' title="bbox 289 89 1338 184">
    <p class='ocr_par' dir='ltr' id='par_1_1' title="bbox 289 89 1338 184">
     <span class='ocr_line' id='line_1_1' title="bbox 289 89 1338 184; baseline 0 -21"><span class='ocrx_word' id='word_1_1' title='bbox 289 89 399 163; x_wconf 83' lang='lat' dir='ltr'>L&#39;1</span> <span class='ocrx_word' id='word_1_2' title='bbox 445 117 646 184; x_wconf 43' lang='lat' dir='ltr'>B⁴ER</span> <span class='ocrx_word' id='word_1_3' title='bbox 729 101 1079 162; x_wconf 84' lang='lat' dir='ltr'><strong>XXVII.</strong></span> <span class='ocrx_word' id='word_1_4' title='bbox 1233 120 1338 184; x_wconf 85' lang='lat'>105</span> 
     </span>
    </p>
   </div>
   <div class='ocr_carea' id='block_1_2' title="bbox 18 198 1576 2437">
    <p class='ocr_par' dir='ltr' id='par_1_2' title="bbox 18 198 1576 2437">
     <span class='ocr_line' id='line_1_2' title="bbox 39 198 1558 264; baseline -0.003 -11"><span class='ocrx_word' id='word_1_5' title='bbox 39 216 167 263; x_wconf 69' lang='lat' dir='ltr'>tere.</span> <span class='ocrx_word' id='word_1_6' title='bbox 213 201 612 252; x_wconf 86' lang='lat' dir='ltr'>Concedentibus</span> <span class='ocrx_word' id='word_1_7' title='bbox 660 200 894 258; x_wconf 86' lang='lat' dir='ltr'>tribunis,</span> <span class='ocrx_word' id='word_1_8' title='bbox 929 201 1126 249; x_wconf 83' lang='lat' dir='ltr'>comitia</span> <span class='ocrx_word' id='word_1_9' title='bbox 1170 200 1346 251; x_wconf 81' lang='lat' dir='ltr'>habita.</span> <span class='ocrx_word' id='word_1_10' title='bbox 1366 198 1558 264; x_wconf 55' lang='lat' dir='ltr'>[HJ-542⁴</span> 
     </span>
     <span class='ocr_line' id='line_1_3' title="bbox 42 256 1558 334; baseline -0.001 -14"><span class='ocrx_word' id='word_1_11' title='bbox 42 269 286 321; x_wconf 85' lang='lat' dir='ltr'>Declarati</span> <span class='ocrx_word' id='word_1_12' title='bbox 312 269 528 318; x_wconf 87' lang='lat' dir='ltr'>consules</span> <span class='ocrx_word' id='word_1_13' title='bbox 552 267 621 332; x_wconf 96' lang='lat' dir='ltr'><strong>Q</strong></span> <span class='ocrx_word' id='word_1_14' title='bbox 637 266 809 316; x_wconf 85' lang='lat' dir='ltr'>Fabius</span> <span class='ocrx_word' id='word_1_15' title='bbox 832 269 1071 315; x_wconf 82' lang='lat' dir='ltr'>Maximus</span> <span class='ocrx_word' id='word_1_16' title='bbox 1099 256 1558 334; x_wconf 61' lang='lat' dir='ltr'>quiriturn,3·(‘&#39;2¹0·</span> 
     </span>
     <span class='ocr_line' id='line_1_4' title="bbox 40 334 1348 404; baseline 0 -17"><span class='ocrx_word' id='word_1_17' title='bbox 40 339 116 404; x_wconf 90' lang='lat' dir='ltr'><strong>Q</strong></span> <span class='ocrx_word' id='word_1_18' title='bbox 164 338 360 387; x_wconf 86' lang='lat' dir='ltr'>Fulvius</span> <span class='ocrx_word' id='word_1_19' title='bbox 411 336 608 385; x_wconf 85' lang='lat' dir='ltr'>Flaccus</span> <span class='ocrx_word' id='word_1_20' title='bbox 655 337 892 401; x_wconf 75' lang='lat' dir='ltr'>quartum.</span> <span class='ocrx_word' id='word_1_21' title='bbox 944 334 1177 383; x_wconf 82' lang='lat' dir='ltr'>Praetores</span> <span class='ocrx_word' id='word_1_22' title='bbox 1233 339 1348 387; x_wconf 83' lang='lat' dir='ltr'>inde</span> 
     </span>
     <span class='ocr_line' id='line_1_5' title="bbox 41 400 1348 471; baseline -0.004 -16"><span class='ocrx_word' id='word_1_23' title='bbox 41 409 225 463; x_wconf 88' lang='lat' dir='ltr'>creati,</span> <span class='ocrx_word' id='word_1_24' title='bbox 266 406 321 456; x_wconf 89' lang='lat' dir='ltr'>L.</span> <span class='ocrx_word' id='word_1_25' title='bbox 348 404 577 453; x_wconf 89' lang='lat' dir='ltr'>Veturius</span> <span class='ocrx_word' id='word_1_26' title='bbox 608 402 744 451; x_wconf 89' lang='lat' dir='ltr'>Philo</span> <span class='ocrx_word' id='word_1_27' title='bbox 765 440 778 461; x_wconf 88' lang='lat'>‚</span> <span class='ocrx_word' id='word_1_28' title='bbox 812 402 875 452; x_wconf 87' lang='lat' dir='ltr'>T.</span> <span class='ocrx_word' id='word_1_29' title='bbox 907 400 1140 466; x_wconf 70' lang='lat' dir='ltr'>Quintius</span> <span class='ocrx_word' id='word_1_30' title='bbox 1170 401 1348 471; x_wconf 77' lang='lat' dir='ltr'>Crispi-</span> 
     </span>
     <span class='ocr_line' id='line_1_6' title="bbox 40 469 1352 531; baseline -0.002 -7"><span class='ocrx_word' id='word_1_31' title='bbox 40 492 158 531; x_wconf 85' lang='lat' dir='ltr'>nus,</span> <span class='ocrx_word' id='word_1_32' title='bbox 187 473 248 524; x_wconf 89' lang='lat' dir='ltr'>C.</span> <span class='ocrx_word' id='word_1_33' title='bbox 291 472 523 522; x_wconf 87' lang='lat' dir='ltr'>Hostilius</span> <span class='ocrx_word' id='word_1_34' title='bbox 568 470 791 519; x_wconf 88' lang='lat' dir='ltr'>Tubulus</span> <span class='ocrx_word' id='word_1_35' title='bbox 817 510 833 531; x_wconf 91' lang='lat'>,</span> <span class='ocrx_word' id='word_1_36' title='bbox 885 469 946 519; x_wconf 89' lang='lat' dir='ltr'>C.</span> <span class='ocrx_word' id='word_1_37' title='bbox 979 471 1352 522; x_wconf 73' lang='lat' dir='ltr'>Aurunculeius.</span> 
     </span>
     <span class='ocr_line' id='line_1_7' title="bbox 41 536 1346 608; baseline -0.002 -17"><span class='ocrx_word' id='word_1_38' title='bbox 41 541 394 608; x_wconf 60' lang='lat' dir='ltr'>Issagistratibus</span> <span class='ocrx_word' id='word_1_39' title='bbox 416 543 461 588; x_wconf 91' lang='lat' dir='ltr'>in</span> <span class='ocrx_word' id='word_1_40' title='bbox 481 558 654 587; x_wconf 89' lang='lat' dir='ltr'>annum</span> <span class='ocrx_word' id='word_1_41' title='bbox 674 540 840 588; x_wconf 87' lang='lat' dir='ltr'>creatis</span> <span class='ocrx_word' id='word_1_42' title='bbox 857 575 871 596; x_wconf 88' lang='lat'>‚</span> <span class='ocrx_word' id='word_1_43' title='bbox 891 536 960 602; x_wconf 91' lang='lat' dir='ltr'>Q.</span> <span class='ocrx_word' id='word_1_44' title='bbox 985 537 1178 586; x_wconf 83' lang='lat' dir='ltr'>Fulvius</span> <span class='ocrx_word' id='word_1_45' title='bbox 1201 539 1346 588; x_wconf 60' lang='lat' dir='ltr'>dicia-</span> 
     </span>
     <span class='ocr_line' id='line_1_8' title="bbox 42 605 1348 670; baseline -0.002 -12"><span class='ocrx_word' id='word_1_46' title='bbox 42 612 150 665; x_wconf 64' lang='lat' dir='ltr'>tura</span> <span class='ocrx_word' id='word_1_47' title='bbox 170 610 213 659; x_wconf 88' lang='lat' dir='ltr'>se</span> <span class='ocrx_word' id='word_1_48' title='bbox 233 609 486 657; x_wconf 86' lang='lat' dir='ltr'>abdicavit.</span> <span class='ocrx_word' id='word_1_49' title='bbox 521 607 749 656; x_wconf 80' lang='lat' dir='ltr'>Extremo</span> <span class='ocrx_word' id='word_1_50' title='bbox 784 606 954 655; x_wconf 82' lang='lat' dir='ltr'>aestatis</span> <span class='ocrx_word' id='word_1_51' title='bbox 989 605 1125 670; x_wconf 72' lang='lat' dir='ltr'>hujus</span> <span class='ocrx_word' id='word_1_52' title='bbox 1150 645 1160 663; x_wconf 83' lang='grc'><em>,</em></span> <span class='ocrx_word' id='word_1_53' title='bbox 1199 606 1348 656; x_wconf 75' lang='lat' dir='ltr'>claffis</span> 
     </span>
     <span class='ocr_line' id='line_1_9' title="bbox 43 674 1351 742; baseline -0.003 -15"><span class='ocrx_word' id='word_1_54' title='bbox 43 677 218 727; x_wconf 86' lang='lat' dir='ltr'>Punica</span> <span class='ocrx_word' id='word_1_55' title='bbox 254 679 451 724; x_wconf 86' lang='lat' dir='ltr'>navium</span> <span class='ocrx_word' id='word_1_56' title='bbox 476 675 784 742; x_wconf 78' lang='lat' dir='ltr'>quadraginta</span> <span class='ocrx_word' id='word_1_57' title='bbox 806 693 915 723; x_wconf 92' lang='lat' dir='ltr'>cum</span> <span class='ocrx_word' id='word_1_58' title='bbox 947 674 1169 740; x_wconf 65' lang='lat' dir='ltr'>praefec‘io</span> <span class='ocrx_word' id='word_1_59' title='bbox 1189 675 1351 723; x_wconf 81' lang='lat' dir='ltr'>Amil-</span> 
     </span>
     <span class='ocr_line' id='line_1_10' title="bbox 46 741 1350 809; baseline -0.001 -16"><span class='ocrx_word' id='word_1_60' title='bbox 46 763 153 794; x_wconf 87' lang='lat' dir='ltr'>care</span> <span class='ocrx_word' id='word_1_61' title='bbox 185 748 233 792; x_wconf 90' lang='lat' dir='ltr'>in</span> <span class='ocrx_word' id='word_1_62' title='bbox 268 744 528 792; x_wconf 73' lang='lat' dir='ltr'>Sardiniam</span> <span class='ocrx_word' id='word_1_63' title='bbox 557 741 751 802; x_wconf 57' lang='lat' dir='ltr'>traiecia</span> <span class='ocrx_word' id='word_1_64' title='bbox 776 781 787 797; x_wconf 92' lang='lat'><strong><em>‚</em></strong></span> <span class='ocrx_word' id='word_1_65' title='bbox 826 742 1112 792; x_wconf 74' lang='lat' dir='ltr'><strong>Olbiensem</strong></span> <span class='ocrx_word' id='word_1_66' title='bbox 1151 745 1309 809; x_wconf 73' lang='lat' dir='ltr'>primo</span> <span class='ocrx_word' id='word_1_67' title='bbox 1331 782 1350 802; x_wconf 94' lang='lat'>,</span> 
     </span>
     <span class='ocr_line' id='line_1_11' title="bbox 48 809 1353 877; baseline -0.001 -16"><span class='ocrx_word' id='word_1_68' title='bbox 48 814 197 870; x_wconf 90' lang='lat' dir='ltr'>dein,</span> <span class='ocrx_word' id='word_1_69' title='bbox 230 810 482 877; x_wconf 87' lang='lat' dir='ltr'>postquam</span> <span class='ocrx_word' id='word_1_70' title='bbox 531 810 595 856; x_wconf 87' lang='lat' dir='ltr'>ibi</span> <span class='ocrx_word' id='word_1_71' title='bbox 636 810 686 859; x_wconf 90' lang='lat' dir='ltr'>P.</span> <span class='ocrx_word' id='word_1_72' title='bbox 719 809 926 858; x_wconf 84' lang='lat' dir='ltr'>Manlius</span> <span class='ocrx_word' id='word_1_73' title='bbox 977 811 1128 859; x_wconf 85' lang='lat' dir='ltr'>Vulso</span> <span class='ocrx_word' id='word_1_74' title='bbox 1173 826 1353 877; x_wconf 81' lang='lat' dir='ltr'>praetor</span> 
     </span>
     <span class='ocr_line' id='line_1_12' title="bbox 45 878 1352 944; baseline -0.002 -14"><span class='ocrx_word' id='word_1_75' title='bbox 45 898 156 930; x_wconf 90' lang='lat' dir='ltr'>cum</span> <span class='ocrx_word' id='word_1_76' title='bbox 191 881 400 928; x_wconf 87' lang='lat' dir='ltr'>exercitu</span> <span class='ocrx_word' id='word_1_77' title='bbox 431 879 674 944; x_wconf 86' lang='lat' dir='ltr'>apparuit,</span> <span class='ocrx_word' id='word_1_78' title='bbox 695 878 976 926; x_wconf 62' lang='lat' dir='ltr'>circumacia</span> <span class='ocrx_word' id='word_1_79' title='bbox 1010 880 1121 927; x_wconf 88' lang='lat' dir='ltr'>inde</span> <span class='ocrx_word' id='word_1_80' title='bbox 1154 881 1213 927; x_wconf 92' lang='lat' dir='ltr'>ad</span> <span class='ocrx_word' id='word_1_81' title='bbox 1236 881 1352 929; x_wconf 84' lang='lat' dir='ltr'>alte-</span> 
     </span>
     <span class='ocr_line' id='line_1_13' title="bbox 42 943 1353 1013; baseline -0.002 -15"><span class='ocrx_word' id='word_1_82' title='bbox 42 966 151 998; x_wconf 84' lang='lat' dir='ltr'>rum</span> <span class='ocrx_word' id='word_1_83' title='bbox 186 945 344 1013; x_wconf 69' lang='lat' dir='ltr'>insulae</span> <span class='ocrx_word' id='word_1_84' title='bbox 369 947 489 994; x_wconf 87' lang='lat' dir='ltr'>latus</span> <span class='ocrx_word' id='word_1_85' title='bbox 509 983 526 1003; x_wconf 86' lang='lat'><strong><em>,</em></strong></span> <span class='ocrx_word' id='word_1_86' title='bbox 550 943 873 994; x_wconf 83' lang='lat' dir='ltr'>Caralitanum</span> <span class='ocrx_word' id='word_1_87' title='bbox 902 964 1068 1013; x_wconf 81' lang='lat' dir='ltr'>agrum</span> <span class='ocrx_word' id='word_1_88' title='bbox 1099 947 1300 997; x_wconf 82' lang='lat' dir='ltr'>vastavit</span> <span class='ocrx_word' id='word_1_89' title='bbox 1335 965 1353 1010; x_wconf 80' lang='lat'><em>3</em></span> 
     </span>
     <span class='ocr_line' id='line_1_14' title="bbox 49 1014 1354 1082; baseline 0.001 -18"><span class='ocrx_word' id='word_1_90' title='bbox 49 1018 103 1068; x_wconf 90' lang='lat'>&amp;</span> <span class='ocrx_word' id='word_1_91' title='bbox 133 1034 241 1065; x_wconf 90' lang='lat' dir='ltr'>cum</span> <span class='ocrx_word' id='word_1_92' title='bbox 274 1015 434 1082; x_wconf 86' lang='lat' dir='ltr'>praeda</span> <span class='ocrx_word' id='word_1_93' title='bbox 467 1015 624 1061; x_wconf 85' lang='lat' dir='ltr'>omnis</span> <span class='ocrx_word' id='word_1_94' title='bbox 658 1016 843 1081; x_wconf 83' lang='lat' dir='ltr'>generis</span> <span class='ocrx_word' id='word_1_95' title='bbox 875 1016 923 1061; x_wconf 86' lang='lat' dir='ltr'>in</span> <span class='ocrx_word' id='word_1_96' title='bbox 955 1014 1169 1063; x_wconf 86' lang='lat' dir='ltr'>Africam</span> <span class='ocrx_word' id='word_1_97' title='bbox 1195 1017 1354 1066; x_wconf 87' lang='lat' dir='ltr'>rediit.</span> 
     </span>
     <span class='ocr_line' id='line_1_15' title="bbox 49 1083 1353 1149; baseline -0.002 -16"><span class='ocrx_word' id='word_1_98' title='bbox 49 1083 335 1133; x_wconf 82' lang='lat' dir='ltr'>Sacerdotes</span> <span class='ocrx_word' id='word_1_99' title='bbox 365 1083 507 1130; x_wconf 78' lang='lat' dir='ltr'>Rom.</span> <span class='ocrx_word' id='word_1_100' title='bbox 545 1099 605 1130; x_wconf 94' lang='lat' dir='ltr'>eo</span> <span class='ocrx_word' id='word_1_101' title='bbox 640 1101 765 1130; x_wconf 87' lang='lat' dir='ltr'>anno</span> <span class='ocrx_word' id='word_1_102' title='bbox 817 1086 991 1131; x_wconf 85' lang='lat' dir='ltr'>mortui</span> <span class='ocrx_word' id='word_1_103' title='bbox 1031 1083 1212 1149; x_wconf 84' lang='lat' dir='ltr'>aliquot</span> <span class='ocrx_word' id='word_1_104' title='bbox 1252 1083 1353 1133; x_wconf 88' lang='lat' dir='ltr'>suf-</span> 
     </span>
     <span class='ocr_line' id='line_1_16' title="bbox 46 1149 1353 1218; baseline 0 -17"><span class='ocrx_word' id='word_1_105' title='bbox 46 1151 269 1218; x_wconf 68' lang='lat' dir='ltr'>feffique.</span> <span class='ocrx_word' id='word_1_106' title='bbox 307 1149 367 1199; x_wconf 89' lang='lat' dir='ltr'>C.</span> <span class='ocrx_word' id='word_1_107' title='bbox 400 1149 625 1198; x_wconf 88' lang='lat' dir='ltr'>Servilius</span> <span class='ocrx_word' id='word_1_108' title='bbox 657 1149 877 1217; x_wconf 83' lang='lat' dir='ltr'>pontifex</span> <span class='ocrx_word' id='word_1_109' title='bbox 918 1150 1066 1199; x_wconf 64' lang='lat' dir='ltr'>sacius</span> <span class='ocrx_word' id='word_1_110' title='bbox 1102 1154 1146 1199; x_wconf 85' lang='lat' dir='ltr'>in</span> <span class='ocrx_word' id='word_1_111' title='bbox 1185 1152 1353 1201; x_wconf 86' lang='lat' dir='ltr'>locum</span> 
     </span>
     <span class='ocr_line' id='line_1_17' title="bbox 50 1215 1358 1284; baseline 0 -15"><span class='ocrx_word' id='word_1_112' title='bbox 50 1219 115 1270; x_wconf 87' lang='lat' dir='ltr'>T.</span> <span class='ocrx_word' id='word_1_113' title='bbox 149 1218 344 1270; x_wconf 85' lang='lat' dir='ltr'>Otacilii</span> <span class='ocrx_word' id='word_1_114' title='bbox 374 1215 537 1267; x_wconf 84' lang='lat' dir='ltr'>Craffi.</span> <span class='ocrx_word' id='word_1_115' title='bbox 565 1216 642 1266; x_wconf 83' lang='lat' dir='ltr'>Ti.</span> <span class='ocrx_word' id='word_1_116' title='bbox 676 1217 989 1284; x_wconf 64' lang='lat' dir='ltr'>Sempronius</span> <span class='ocrx_word' id='word_1_117' title='bbox 1019 1218 1097 1267; x_wconf 83' lang='lat' dir='ltr'>Ti.</span> <span class='ocrx_word' id='word_1_118' title='bbox 1132 1218 1185 1267; x_wconf 92' lang='lat' dir='ltr'>F.</span> <span class='ocrx_word' id='word_1_119' title='bbox 1229 1221 1358 1269; x_wconf 81' lang='lat' dir='ltr'>Lon-</span> 
     </span>
     <span class='ocr_line' id='line_1_18' title="bbox 18 1284 1357 1355; baseline 0.001 -20"><span class='ocrx_word' id='word_1_120' title='bbox 18 1298 139 1355; x_wconf 58' lang='lat' dir='ltr'>‘gus</span> <span class='ocrx_word' id='word_1_121' title='bbox 185 1304 330 1354; x_wconf 83' lang='lat' dir='ltr'>augur</span> <span class='ocrx_word' id='word_1_122' title='bbox 373 1284 518 1334; x_wconf 58' lang='lat' dir='ltr'>facius</span> <span class='ocrx_word' id='word_1_123' title='bbox 560 1289 607 1333; x_wconf 90' lang='lat' dir='ltr'>in</span> <span class='ocrx_word' id='word_1_124' title='bbox 656 1285 817 1335; x_wconf 86' lang='lat' dir='ltr'>locum</span> <span class='ocrx_word' id='word_1_125' title='bbox 852 1285 918 1334; x_wconf 86' lang='lat' dir='ltr'><strong>T.</strong></span> <span class='ocrx_word' id='word_1_126' title='bbox 957 1287 1154 1336; x_wconf 81' lang='lat' dir='ltr'>Otacilii</span> <span class='ocrx_word' id='word_1_127' title='bbox 1189 1286 1357 1338; x_wconf 84' lang='lat' dir='ltr'>Craffi.</span> 
     </span>
     <span class='ocr_line' id='line_1_19' title="bbox 51 1353 1360 1408; baseline 0 -2"><span class='ocrx_word' id='word_1_128' title='bbox 51 1355 322 1405; x_wconf 87' lang='lat' dir='ltr'>Decemvir</span> <span class='ocrx_word' id='word_1_129' title='bbox 366 1356 480 1402; x_wconf 83' lang='lat' dir='ltr'>item</span> <span class='ocrx_word' id='word_1_130' title='bbox 522 1353 662 1401; x_wconf 88' lang='lat' dir='ltr'>sacris</span> <span class='ocrx_word' id='word_1_131' title='bbox 709 1354 940 1403; x_wconf 85' lang='lat' dir='ltr'>faciundis</span> <span class='ocrx_word' id='word_1_132' title='bbox 980 1357 1027 1403; x_wconf 88' lang='lat' dir='ltr'>in</span> <span class='ocrx_word' id='word_1_133' title='bbox 1076 1357 1239 1408; x_wconf 79' lang='lat' dir='ltr'>locum</span> <span class='ocrx_word' id='word_1_134' title='bbox 1274 1356 1360 1406; x_wconf 87' lang='lat' dir='ltr'>Ti.</span> 
     </span>
     <span class='ocr_line' id='line_1_20' title="bbox 51 1420 1358 1490; baseline 0.002 -18"><span class='ocrx_word' id='word_1_135' title='bbox 51 1421 323 1490; x_wconf 87' lang='lat' dir='ltr'>Sempronii</span> <span class='ocrx_word' id='word_1_136' title='bbox 357 1420 416 1470; x_wconf 90' lang='lat' dir='ltr'>C.</span> <span class='ocrx_word' id='word_1_137' title='bbox 452 1420 504 1469; x_wconf 88' lang='lat' dir='ltr'>F.</span> <span class='ocrx_word' id='word_1_138' title='bbox 538 1421 694 1486; x_wconf 78' lang='lat' dir='ltr'>Longi</span> <span class='ocrx_word' id='word_1_139' title='bbox 728 1422 808 1472; x_wconf 82' lang='lat' dir='ltr'>Ti.</span> <span class='ocrx_word' id='word_1_140' title='bbox 834 1422 1146 1489; x_wconf 83' lang='lat' dir='ltr'>Sempronius</span> <span class='ocrx_word' id='word_1_141' title='bbox 1179 1423 1259 1473; x_wconf 89' lang='lat' dir='ltr'>Ti.</span> <span class='ocrx_word' id='word_1_142' title='bbox 1299 1423 1358 1474; x_wconf 89' lang='lat' dir='ltr'>F.</span> 
     </span>
     <span class='ocr_line' id='line_1_21' title="bbox 44 1488 1352 1558; baseline -0.001 -18"><span class='ocrx_word' id='word_1_143' title='bbox 44 1490 241 1558; x_wconf 84' lang='lat' dir='ltr'>Longus</span> <span class='ocrx_word' id='word_1_144' title='bbox 260 1488 497 1539; x_wconf 58' lang='lat' dir='ltr'>suffectus».</span> <span class='ocrx_word' id='word_1_145' title='bbox 522 1489 592 1536; x_wconf 86' lang='lat' dir='ltr'><strong>M.</strong></span> <span class='ocrx_word' id='word_1_146' title='bbox 617 1489 826 1539; x_wconf 86' lang='lat' dir='ltr'>Marcius</span> <span class='ocrx_word' id='word_1_147' title='bbox 852 1508 935 1539; x_wconf 87' lang='lat' dir='ltr'>rex</span> <span class='ocrx_word' id='word_1_148' title='bbox 964 1491 1202 1540; x_wconf 85' lang='lat' dir='ltr'>sacrorum</span> <span class='ocrx_word' id='word_1_149' title='bbox 1223 1509 1352 1540; x_wconf 58' lang='lat' dir='ltr'>mor*</span> 
     </span>
     <span class='ocr_line' id='line_1_22' title="bbox 49 1556 1354 1625; baseline 0 -17"><span class='ocrx_word' id='word_1_150' title='bbox 49 1573 157 1609; x_wconf 84' lang='lat' dir='ltr'>tuus</span> <span class='ocrx_word' id='word_1_151' title='bbox 190 1558 255 1608; x_wconf 90' lang='lat' dir='ltr'>est</span> <span class='ocrx_word' id='word_1_152' title='bbox 288 1596 304 1619; x_wconf 90' lang='lat'>‚</span> <span class='ocrx_word' id='word_1_153' title='bbox 339 1560 391 1608; x_wconf 86' lang='lat'>&amp;</span> <span class='ocrx_word' id='word_1_154' title='bbox 432 1556 506 1605; x_wconf 92' lang='grc' dir='ltr'>Μ.</span> <span class='ocrx_word' id='word_1_155' title='bbox 540 1556 761 1607; x_wconf 80' lang='lat' dir='ltr'>AEmilius</span> <span class='ocrx_word' id='word_1_156' title='bbox 798 1558 954 1625; x_wconf 78' lang='lat' dir='ltr'>Papus</span> <span class='ocrx_word' id='word_1_157' title='bbox 989 1557 1069 1625; x_wconf 83' lang='lat'>(8)</span> <span class='ocrx_word' id='word_1_158' title='bbox 1117 1562 1354 1608; x_wconf 88' lang='lat' dir='ltr'>maximus</span> 
     </span>
     <span class='ocr_line' id='line_1_23' title="bbox 52 1626 1357 1691; baseline 0 -15"><span class='ocrx_word' id='word_1_159' title='bbox 52 1628 188 1677; x_wconf 88' lang='lat' dir='ltr'>curio</span> <span class='ocrx_word' id='word_1_160' title='bbox 227 1643 425 1691; x_wconf 81' lang='lat' dir='ltr'>:neque</span> <span class='ocrx_word' id='word_1_161' title='bbox 474 1627 523 1671; x_wconf 87' lang='lat' dir='ltr'>in</span> <span class='ocrx_word' id='word_1_162' title='bbox 568 1643 736 1674; x_wconf 89' lang='lat' dir='ltr'>eorum</span> <span class='ocrx_word' id='word_1_163' title='bbox 772 1626 934 1675; x_wconf 89' lang='lat' dir='ltr'>locum</span> <span class='ocrx_word' id='word_1_164' title='bbox 980 1627 1252 1677; x_wconf 81' lang='lat' dir='ltr'>sacerdotes</span> <span class='ocrx_word' id='word_1_165' title='bbox 1294 1645 1357 1676; x_wconf 90' lang='lat' dir='ltr'>eo</span> 
     </span>
     <span class='ocr_line' id='line_1_24' title="bbox 54 1692 1363 1746; baseline 0.001 -2"><span class='ocrx_word' id='word_1_166' title='bbox 54 1712 180 1744; x_wconf 84' lang='lat' dir='ltr'>anno</span> <span class='ocrx_word' id='word_1_167' title='bbox 200 1693 391 1742; x_wconf 58' lang='lat' dir='ltr'>suffecti.</span> <span class='ocrx_word' id='word_1_168' title='bbox 415 1692 473 1740; x_wconf 86' lang='lat' dir='ltr'>Et</span> <span class='ocrx_word' id='word_1_169' title='bbox 497 1692 719 1743; x_wconf 82' lang='lat' dir='ltr'>censores</span> <span class='ocrx_word' id='word_1_170' title='bbox 743 1695 816 1742; x_wconf 86' lang='lat' dir='ltr'>hic</span> <span class='ocrx_word' id='word_1_171' title='bbox 838 1713 985 1742; x_wconf 82' lang='lat' dir='ltr'>annus</span> <span class='ocrx_word' id='word_1_172' title='bbox 1007 1696 1169 1745; x_wconf 84' lang='lat' dir='ltr'>habuit</span> <span class='ocrx_word' id='word_1_173' title='bbox 1192 1697 1246 1746; x_wconf 94' lang='lat' dir='ltr'>L.</span> <span class='ocrx_word' id='word_1_174' title='bbox 1263 1696 1363 1745; x_wconf 86' lang='lat' dir='ltr'>Ve-</span> 
     </span>
     <span class='ocr_line' id='line_1_25' title="bbox 52 1761 1359 1821; baseline 0.001 -10"><span class='ocrx_word' id='word_1_175' title='bbox 52 1764 227 1812; x_wconf 86' lang='lat' dir='ltr'>turium</span> <span class='ocrx_word' id='word_1_176' title='bbox 262 1761 511 1810; x_wconf 85' lang='lat' dir='ltr'>Philonem</span> <span class='ocrx_word' id='word_1_177' title='bbox 532 1797 546 1819; x_wconf 83' lang='lat'>‚</span> <span class='ocrx_word' id='word_1_178' title='bbox 571 1763 622 1811; x_wconf 79' lang='lat'>&amp;</span> <span class='ocrx_word' id='word_1_179' title='bbox 653 1762 702 1811; x_wconf 87' lang='grc' dir='ltr'>Ρ.</span> <span class='ocrx_word' id='word_1_180' title='bbox 736 1762 969 1811; x_wconf 86' lang='lat' dir='ltr'>Licinium</span> <span class='ocrx_word' id='word_1_181' title='bbox 990 1762 1230 1821; x_wconf 80' lang='lat' dir='ltr'>Crassum,</span> <span class='ocrx_word' id='word_1_182' title='bbox 1255 1782 1359 1812; x_wconf 80' lang='lat' dir='ltr'>ma·</span> 
     </span>
     <span class='ocr_line' id='line_1_26' title="bbox 50 1827 1360 1896; baseline 0.002 -17"><span class='ocrx_word' id='word_1_183' title='bbox 50 1832 234 1880; x_wconf 84' lang='lat' dir='ltr'>ximum</span> <span class='ocrx_word' id='word_1_184' title='bbox 258 1829 554 1896; x_wconf 82' lang='lat' dir='ltr'>pontificem.</span> <span class='ocrx_word' id='word_1_185' title='bbox 578 1827 763 1879; x_wconf 78' lang='lat' dir='ltr'>Crassus</span> <span class='ocrx_word' id='word_1_186' title='bbox 796 1830 1004 1879; x_wconf 84' lang='lat' dir='ltr'>Licinius</span> <span class='ocrx_word' id='word_1_187' title='bbox 1035 1851 1124 1881; x_wconf 88' lang='lat' dir='ltr'>nec</span> <span class='ocrx_word' id='word_1_188' title='bbox 1162 1832 1360 1892; x_wconf 88' lang='lat' dir='ltr'>consul,</span> 
     </span>
     <span class='ocr_line' id='line_1_27' title="bbox 53 1896 1357 1964; baseline 0.002 -17"><span class='ocrx_word' id='word_1_189' title='bbox 53 1916 143 1947; x_wconf 89' lang='lat' dir='ltr'>nec</span> <span class='ocrx_word' id='word_1_190' title='bbox 180 1914 352 1964; x_wconf 87' lang='lat' dir='ltr'>praetor</span> <span class='ocrx_word' id='word_1_191' title='bbox 377 1897 483 1944; x_wconf 76' lang='lat' dir='ltr'>ante</span> <span class='ocrx_word' id='word_1_192' title='bbox 504 1896 655 1946; x_wconf 84' lang='lat' dir='ltr'>fuerat</span> <span class='ocrx_word' id='word_1_193' title='bbox 678 1937 693 1959; x_wconf 76' lang='lat'>,</span> <span class='ocrx_word' id='word_1_194' title='bbox 726 1898 870 1964; x_wconf 66' lang='lat' dir='ltr'>quarn</span> <span class='ocrx_word' id='word_1_195' title='bbox 901 1899 1065 1948; x_wconf 80' lang='lat' dir='ltr'>censor</span> <span class='ocrx_word' id='word_1_196' title='bbox 1088 1900 1155 1949; x_wconf 87' lang='lat' dir='ltr'>est</span> <span class='ocrx_word' id='word_1_197' title='bbox 1173 1901 1322 1949; x_wconf 64' lang='lat' dir='ltr'>sacius</span> <span class='ocrx_word' id='word_1_198' title='bbox 1344 1918 1357 1949; x_wconf 92' lang='lat'>:</span> 
     </span>
     <span class='ocr_line' id='line_1_28' title="bbox 55 1965 1576 2031; baseline -0.001 -15"><span class='ocrx_word' id='word_1_199' title='bbox 55 1983 116 2016; x_wconf 88' lang='lat' dir='ltr'>ex</span> <span class='ocrx_word' id='word_1_200' title='bbox 145 1965 365 2014; x_wconf 77' lang='lat' dir='ltr'>aedilitate</span> <span class='ocrx_word' id='word_1_201' title='bbox 397 1965 595 2031; x_wconf 80' lang='lat' dir='ltr'>gradum</span> <span class='ocrx_word' id='word_1_202' title='bbox 631 1967 691 2015; x_wconf 86' lang='lat' dir='ltr'>ad</span> <span class='ocrx_word' id='word_1_203' title='bbox 724 1966 970 2016; x_wconf 77' lang='lat' dir='ltr'>censuram</span> <span class='ocrx_word' id='word_1_204' title='bbox 1002 1967 1131 2018; x_wconf 85' lang='lat' dir='ltr'>fecit.</span> <span class='ocrx_word' id='word_1_205' title='bbox 1177 1968 1272 2018; x_wconf 83' lang='lat' dir='ltr'>Sed</span> <span class='ocrx_word' id='word_1_206' title='bbox 1313 1970 1361 2017; x_wconf 89' lang='lat' dir='ltr'>hi</span> <span class='ocrx_word' id='word_1_207' title='bbox 1378 1970 1576 2027; x_wconf 76' lang='lat' dir='ltr'>Cenlbres.</span> 
     </span>
     <span class='ocr_line' id='line_1_29' title="bbox 56 2033 1361 2105; baseline 0.002 -22"><span class='ocrx_word' id='word_1_208' title='bbox 56 2033 276 2083; x_wconf 88' lang='lat' dir='ltr'>censores</span> <span class='ocrx_word' id='word_1_209' title='bbox 309 2052 465 2099; x_wconf 84' lang='lat' dir='ltr'>neque</span> <span class='ocrx_word' id='word_1_210' title='bbox 486 2033 694 2084; x_wconf 86' lang='lat' dir='ltr'>senatum</span> <span class='ocrx_word' id='word_1_211' title='bbox 716 2036 934 2101; x_wconf 79' lang='lat' dir='ltr'>legerunt</span> <span class='ocrx_word' id='word_1_212' title='bbox 956 2074 969 2095; x_wconf 87' lang='lat'>,</span> <span class='ocrx_word' id='word_1_213' title='bbox 990 2054 1078 2084; x_wconf 90' lang='lat' dir='ltr'>nec</span> <span class='ocrx_word' id='word_1_214' title='bbox 1103 2039 1361 2105; x_wconf 86' lang='lat' dir='ltr'>quicquam</span> 
     </span>
     <span class='ocr_line' id='line_1_30' title="bbox 58 2103 1358 2171; baseline 0.004 -21"><span class='ocrx_word' id='word_1_215' title='bbox 58 2103 262 2171; x_wconf 76' lang='lat' dir='ltr'>publicae</span> <span class='ocrx_word' id='word_1_216' title='bbox 297 2105 362 2149; x_wconf 88' lang='lat' dir='ltr'>rei</span> <span class='ocrx_word' id='word_1_217' title='bbox 398 2116 596 2165; x_wconf 69' lang='lat' dir='ltr'>egerunt</span> <span class='ocrx_word' id='word_1_218' title='bbox 627 2123 636 2152; x_wconf 91' lang='lat'><strong>:</strong></span> <span class='ocrx_word' id='word_1_219' title='bbox 674 2121 803 2152; x_wconf 87' lang='lat' dir='ltr'>mors</span> <span class='ocrx_word' id='word_1_220' title='bbox 833 2104 1027 2153; x_wconf 85' lang='lat' dir='ltr'>diremit</span> <span class='ocrx_word' id='word_1_221' title='bbox 1063 2106 1115 2155; x_wconf 88' lang='lat' dir='ltr'><strong>L.</strong></span> <span class='ocrx_word' id='word_1_222' title='bbox 1136 2106 1358 2155; x_wconf 84' lang='lat' dir='ltr'>Veturii:</span> 
     </span>
     <span class='ocr_line' id='line_1_31' title="bbox 61 2168 1365 2236; baseline 0.005 -20"><span class='ocrx_word' id='word_1_223' title='bbox 61 2168 143 2236; x_wconf 82' lang='grc'>(9)</span> <span class='ocrx_word' id='word_1_224' title='bbox 174 2171 285 2217; x_wconf 90' lang='lat' dir='ltr'>inde</span> <span class='ocrx_word' id='word_1_225' title='bbox 322 2171 374 2218; x_wconf 84' lang='lat'>&amp;</span> <span class='ocrx_word' id='word_1_226' title='bbox 399 2169 607 2217; x_wconf 87' lang='lat' dir='ltr'>Licinius</span> <span class='ocrx_word' id='word_1_227' title='bbox 643 2170 837 2220; x_wconf 61' lang='lat' dir='ltr'>censura</span> <span class='ocrx_word' id='word_1_228' title='bbox 875 2170 919 2220; x_wconf 88' lang='lat' dir='ltr'>se</span> <span class='ocrx_word' id='word_1_229' title='bbox 949 2172 1201 2222; x_wconf 86' lang='lat' dir='ltr'>abdicavit.</span> <span class='ocrx_word' id='word_1_230' title='bbox 1227 2174 1365 2222; x_wconf 71' lang='lat' dir='ltr'>AEdi-</span> 
     </span>
     <span class='ocr_line' id='line_1_32' title="bbox 62 2237 1366 2301; baseline 0.003 -16"><span class='ocrx_word' id='word_1_231' title='bbox 62 2238 132 2285; x_wconf 85' lang='lat' dir='ltr'>les</span> <span class='ocrx_word' id='word_1_232' title='bbox 169 2237 350 2285; x_wconf 89' lang='lat' dir='ltr'>curules</span> <span class='ocrx_word' id='word_1_233' title='bbox 393 2237 447 2284; x_wconf 91' lang='lat' dir='ltr'>L.</span> <span class='ocrx_word' id='word_1_234' title='bbox 481 2237 713 2287; x_wconf 85' lang='lat' dir='ltr'>Veturius</span> <span class='ocrx_word' id='word_1_235' title='bbox 755 2240 808 2288; x_wconf 70' lang='grc' dir='ltr'>ὅ(</span> <span class='ocrx_word' id='word_1_236' title='bbox 848 2237 897 2288; x_wconf 84' lang='lat' dir='ltr'><strong>P.</strong></span> <span class='ocrx_word' id='word_1_237' title='bbox 923 2239 1132 2290; x_wconf 86' lang='lat' dir='ltr'>Licinius</span> <span class='ocrx_word' id='word_1_238' title='bbox 1164 2242 1320 2290; x_wconf 87' lang='lat' dir='ltr'>Varus</span> <span class='ocrx_word' id='word_1_239' title='bbox 1348 2278 1366 2301; x_wconf 85' lang='lat'>,</span> 
     </span>
     <span class='ocr_line' id='line_1_33' title="bbox 61 2305 1365 2375; baseline 0.002 -22"><span class='ocrx_word' id='word_1_240' title='bbox 61 2305 204 2354; x_wconf 87' lang='lat' dir='ltr'>ludos</span> <span class='ocrx_word' id='word_1_241' title='bbox 220 2305 510 2354; x_wconf 88' lang='lat' dir='ltr'>Rom.diem</span> <span class='ocrx_word' id='word_1_242' title='bbox 539 2324 684 2355; x_wconf 91' lang='lat' dir='ltr'>unum</span> <span class='ocrx_word' id='word_1_243' title='bbox 711 2306 1040 2356; x_wconf 89' lang='lat' dir='ltr'>instaurarunt.</span> <span class='ocrx_word' id='word_1_244' title='bbox 1060 2310 1244 2358; x_wconf 85' lang='lat' dir='ltr'>AEdiles</span> <span class='ocrx_word' id='word_1_245' title='bbox 1264 2310 1365 2375; x_wconf 90' lang='lat' dir='ltr'>ple-</span> 
     </span>
     <span class='ocr_line' id='line_1_34' title="bbox 58 2371 1368 2437; baseline 0.003 -15"><span class='ocrx_word' id='word_1_246' title='bbox 58 2373 133 2422; x_wconf 87' lang='lat' dir='ltr'>bis</span> <span class='ocrx_word' id='word_1_247' title='bbox 161 2372 231 2437; x_wconf 90' lang='lat' dir='ltr'><strong>Q.</strong></span> <span class='ocrx_word' id='word_1_248' title='bbox 270 2371 432 2421; x_wconf 84' lang='lat' dir='ltr'>Catius</span> <span class='ocrx_word' id='word_1_249' title='bbox 467 2375 518 2423; x_wconf 85' lang='lat'>&amp;</span> <span class='ocrx_word' id='word_1_250' title='bbox 557 2374 608 2422; x_wconf 87' lang='lat' dir='ltr'><strong>L.</strong></span> <span class='ocrx_word' id='word_1_251' title='bbox 647 2375 839 2423; x_wconf 86' lang='lat' dir='ltr'>Porcius</span> <span class='ocrx_word' id='word_1_252' title='bbox 876 2375 1067 2426; x_wconf 89' lang='lat' dir='ltr'>Licinus</span> <span class='ocrx_word' id='word_1_253' title='bbox 1090 2417 1102 2435; x_wconf 87' lang='lat'>,</span> <span class='ocrx_word' id='word_1_254' title='bbox 1147 2396 1205 2425; x_wconf 86' lang='lat' dir='ltr'>ex</span> <span class='ocrx_word' id='word_1_255' title='bbox 1239 2377 1368 2426; x_wconf 77' lang='lat' dir='ltr'>mul-</span> 
     </span>
    </p>
   </div>
   <div class='ocr_carea' id='block_1_3' title="bbox 63 2441 1370 2508">
    <p class='ocr_par' dir='ltr' id='par_1_3' title="bbox 63 2441 1370 2508">
     <span class='ocr_line' id='line_1_35' title="bbox 63 2441 1370 2508; baseline 0.002 -18"><span class='ocrx_word' id='word_1_256' title='bbox 63 2442 229 2490; x_wconf 87' lang='lat' dir='ltr'>taticio</span> <span class='ocrx_word' id='word_1_257' title='bbox 262 2457 457 2507; x_wconf 82' lang='lat' dir='ltr'>argento</span> <span class='ocrx_word' id='word_1_258' title='bbox 499 2441 627 2508; x_wconf 76' lang='lat' dir='ltr'>signa</span> <span class='ocrx_word' id='word_1_259' title='bbox 660 2462 791 2492; x_wconf 88' lang='lat' dir='ltr'>aenea</span> <span class='ocrx_word' id='word_1_260' title='bbox 828 2443 887 2491; x_wconf 87' lang='lat' dir='ltr'>ad</span> <span class='ocrx_word' id='word_1_261' title='bbox 918 2441 1109 2494; x_wconf 87' lang='lat' dir='ltr'>Cereris</span> <span class='ocrx_word' id='word_1_262' title='bbox 1151 2444 1370 2507; x_wconf 61' lang='lat' dir='ltr'>dedere3</span> 
     </span>
    </p>
   </div>
   <div class='ocr_carea' id='block_1_4' title="bbox 48 2533 1379 2717">
    <p class='ocr_par' dir='ltr' id='par_1_4' title="bbox 48 2533 1379 2717">
     <span class='ocr_line' id='line_1_36' title="bbox 126 2533 1373 2591; baseline 0.003 -18"><span class='ocrx_word' id='word_1_263' title='bbox 126 2533 150 2573; x_wconf 82' lang='lat'>8</span> <span class='ocrx_word' id='word_1_264' title='bbox 173 2533 383 2574; x_wconf 77' lang='lat' dir='ltr'>Maximus</span> <span class='ocrx_word' id='word_1_265' title='bbox 405 2538 543 2591; x_wconf 75' lang='lat' dir='ltr'>curio]</span> <span class='ocrx_word' id='word_1_266' title='bbox 574 2537 687 2577; x_wconf 87' lang='lat' dir='ltr'>Vide</span> <span class='ocrx_word' id='word_1_267' title='bbox 741 2536 786 2591; x_wconf 71' lang='lat' dir='ltr'>ft.</span> <span class='ocrx_word' id='word_1_268' title='bbox 813 2537 1014 2577; x_wconf 64' lang='lat' dir='ltr'>abdicavit</span> <span class='ocrx_word' id='word_1_269' title='bbox 1035 2539 1050 2589; x_wconf 88' lang='lat'>]</span> <span class='ocrx_word' id='word_1_270' title='bbox 1087 2537 1234 2590; x_wconf 80' lang='lat' dir='ltr'>Neque</span> <span class='ocrx_word' id='word_1_271' title='bbox 1260 2537 1373 2577; x_wconf 80' lang='lat' dir='ltr'>enim</span> 
     </span>
     <span class='ocr_line' id='line_1_37' title="bbox 48 2591 1379 2653; baseline 0.005 -18"><span class='ocrx_word' id='word_1_272' title='bbox 48 2591 99 2639; x_wconf 54' lang='grc'>’1.</span> <span class='ocrx_word' id='word_1_273' title='bbox 122 2594 201 2636; x_wconf 72' lang='lat' dir='ltr'>Ul.</span> <span class='ocrx_word' id='word_1_274' title='bbox 231 2611 265 2635; x_wconf 93' lang='lat' dir='ltr'>c.</span> <span class='ocrx_word' id='word_1_275' title='bbox 289 2611 332 2648; x_wconf 84' lang='lat'><strong>7.</strong></span> <span class='ocrx_word' id='word_1_276' title='bbox 755 2614 929 2653; x_wconf 83' lang='lat' dir='ltr'>unquam</span> <span class='ocrx_word' id='word_1_277' title='bbox 947 2601 983 2639; x_wconf 83' lang='lat' dir='ltr'>in</span> <span class='ocrx_word' id='word_1_278' title='bbox 1007 2598 1211 2637; x_wconf 81' lang='lat' dir='ltr'>demortui</span> <span class='ocrx_word' id='word_1_279' title='bbox 1236 2600 1379 2641; x_wconf 72' lang='lat' dir='ltr'>locum</span> 
     </span>
     <span class='ocr_line' id='line_1_38' title="bbox 140 2657 1221 2717; baseline 0.004 -19"><span class='ocrx_word' id='word_1_280' title='bbox 140 2671 167 2716; x_wconf 80' lang='lat'><strong>9</strong></span> <span class='ocrx_word' id='word_1_281' title='bbox 181 2657 274 2700; x_wconf 81' lang='lat' dir='ltr'>Inde</span> <span class='ocrx_word' id='word_1_282' title='bbox 289 2659 324 2701; x_wconf 70' lang='grc' dir='ltr'>δ’</span> <span class='ocrx_word' id='word_1_283' title='bbox 338 2657 520 2702; x_wconf 78' lang='lat' dir='ltr'>Licinius</span> <span class='ocrx_word' id='word_1_284' title='bbox 537 2659 696 2717; x_wconf 47' lang='lat' dir='ltr'>cen-[imi</span> <span class='ocrx_word' id='word_1_285' title='bbox 758 2662 905 2706; x_wconf 81' lang='lat' dir='ltr'>censor</span> <span class='ocrx_word' id='word_1_286' title='bbox 927 2658 1221 2705; x_wconf 72' lang='lat' dir='ltr'>sufficiebatur.</span> 
     </span>
    </p>
   </div>
   <div class='ocr_carea' id='block_1_5' title="bbox 982 2718 1092 2783">
    <p class='ocr_par' dir='ltr' id='par_1_5' title="bbox 982 2718 1092 2783">
     <span class='ocr_line' id='line_1_39' title="bbox 982 2718 1092 2783; baseline 0 0"><span class='ocrx_word' id='word_1_287' title='bbox 982 2718 1092 2783; x_wconf 59' lang='grc' dir='ltr'>ἓν.</span> 
     </span>
    </p>
   </div>
  </div>
 </body>
</html>
