<?xml version="1.0" encoding="UTF-8"?>
<!DOCTYPE html PUBLIC "-//W3C//DTD XHTML 1.0 Transitional//EN"
    "http://www.w3.org/TR/xhtml1/DTD/xhtml1-transitional.dtd">
<html xmlns="http://www.w3.org/1999/xhtml" xml:lang="en" lang="en">
 <head>
  <title>
</title>
<meta http-equiv="Content-Type" content="text/html;charset=utf-8" />
  <meta name='ocr-system' content='tesseract 3.04.00' />
  <meta name='ocr-capabilities' content='ocr_page ocr_carea ocr_par ocr_line ocrx_word'/>
</head>
<body>
  <div class='ocr_page' id='page_1' title='image "./tliviipatavinihi0202livy_0038.png"; bbox 0 0 1649 3104; ppageno 0'>
   <div class='ocr_carea' id='block_1_1' title="bbox 59 182 252 337">
    <p class='ocr_par' dir='ltr' id='par_1_1' title="bbox 59 182 252 337">
     <span class='ocr_line' id='line_1_1' title="bbox 60 182 251 234; baseline 0.005 -9"><span class='ocrx_word' id='word_1_1' title='bbox 60 182 251 234; x_wconf 81' lang='lat' dir='ltr'>U.c.54r.</span> 
     </span>
     <span class='ocr_line' id='line_1_2' title="bbox 59 237 248 280; baseline 0.011 -2"><span class='ocrx_word' id='word_1_2' title='bbox 59 237 248 280; x_wconf 74' lang='lat' dir='ltr'>a.C.211-</span> 
     </span>
     <span class='ocr_line' id='line_1_3' title="bbox 92 294 252 337; baseline 0.025 -3"><span class='ocrx_word' id='word_1_3' title='bbox 92 294 171 337; x_wconf 80' lang='lat' dir='ltr'>Res</span> <span class='ocrx_word' id='word_1_4' title='bbox 199 299 252 337; x_wconf 80' lang='lat' dir='ltr'>ad</span> 
     </span>
    </p>
   </div>
   <div class='ocr_carea' id='block_1_2' title="bbox 271 102 1590 2032">
    <p class='ocr_par' dir='ltr' id='par_1_2' title="bbox 282 102 1182 180">
     <span class='ocr_line' id='line_1_4' title="bbox 282 102 1182 180; baseline 0.001 -20"><span class='ocrx_word' id='word_1_5' title='bbox 282 122 353 180; x_wconf 86' lang='lat'>32</span> <span class='ocrx_word' id='word_1_6' title='bbox 683 102 756 161; x_wconf 90' lang='lat' dir='ltr'>T.</span> <span class='ocrx_word' id='word_1_7' title='bbox 842 104 889 162; x_wconf 89' lang='lat' dir='ltr'>L</span> <span class='ocrx_word' id='word_1_8' title='bbox 932 119 954 160; x_wconf 90' lang='lat'>1</span> <span class='ocrx_word' id='word_1_9' title='bbox 997 121 1043 160; x_wconf 83' lang='lat' dir='ltr'>v</span> <span class='ocrx_word' id='word_1_10' title='bbox 1085 120 1106 161; x_wconf 86' lang='lat'>1</span> <span class='ocrx_word' id='word_1_11' title='bbox 1151 119 1182 161; x_wconf 86' lang='lat'>1·</span> 
     </span>
    </p>

    <p class='ocr_par' dir='ltr' id='par_1_3' title="bbox 271 184 1590 2032">
     <span class='ocr_line' id='line_1_5' title="bbox 271 184 1582 255; baseline 0.003 -24"><span class='ocrx_word' id='word_1_12' title='bbox 271 194 511 251; x_wconf 81' lang='lat' dir='ltr'>panorum</span> <span class='ocrx_word' id='word_1_13' title='bbox 543 184 852 235; x_wconf 82' lang='lat' dir='ltr'>venumdata.</span> <span class='ocrx_word' id='word_1_14' title='bbox 879 184 962 235; x_wconf 91' lang='lat' dir='ltr'>De</span> <span class='ocrx_word' id='word_1_15' title='bbox 998 187 1116 235; x_wconf 88' lang='lat' dir='ltr'>urbe</span> <span class='ocrx_word' id='word_1_16' title='bbox 1148 202 1360 253; x_wconf 84' lang='lat' dir='ltr'>agroque</span> <span class='ocrx_word' id='word_1_17' title='bbox 1391 185 1582 255; x_wconf 74' lang='lat' dir='ltr'>reliqua</span> 
     </span>
     <span class='ocr_line' id='line_1_6' title="bbox 274 250 1579 321; baseline 0.003 -21"><span class='ocrx_word' id='word_1_18' title='bbox 274 250 558 302; x_wconf 77' lang='lat' dir='ltr'>consultatio</span> <span class='ocrx_word' id='word_1_19' title='bbox 593 252 723 312; x_wconf 86' lang='lat' dir='ltr'>fuit;</span> <span class='ocrx_word' id='word_1_20' title='bbox 755 253 1038 321; x_wconf 86' lang='lat' dir='ltr'>quibusdam</span> <span class='ocrx_word' id='word_1_21' title='bbox 1077 254 1335 303; x_wconf 80' lang='lat' dir='ltr'>delendam</span> <span class='ocrx_word' id='word_1_22' title='bbox 1379 255 1579 304; x_wconf 86' lang='lat' dir='ltr'>censen·</span> 
     </span>
     <span class='ocr_line' id='line_1_7' title="bbox 274 320 1581 390; baseline 0.002 -22"><span class='ocrx_word' id='word_1_23' title='bbox 274 320 402 369; x_wconf 91' lang='lat' dir='ltr'>tibus</span> <span class='ocrx_word' id='word_1_24' title='bbox 438 322 608 371; x_wconf 87' lang='lat' dir='ltr'>urbem</span> <span class='ocrx_word' id='word_1_25' title='bbox 644 322 988 388; x_wconf 80' lang='lat' dir='ltr'>praevalidam,</span> <span class='ocrx_word' id='word_1_26' title='bbox 1026 324 1352 390; x_wconf 84' lang='lat' dir='ltr'>propinquam</span> <span class='ocrx_word' id='word_1_27' title='bbox 1374 362 1385 380; x_wconf 89' lang='lat'>,</span> <span class='ocrx_word' id='word_1_28' title='bbox 1422 325 1581 371; x_wconf 85' lang='lat' dir='ltr'>inimi·</span> 
     </span>
     <span class='ocr_line' id='line_1_8' title="bbox 275 387 1576 458; baseline 0.002 -20"><span class='ocrx_word' id='word_1_29' title='bbox 275 407 398 438; x_wconf 88' lang='lat' dir='ltr'>cam.</span> <span class='ocrx_word' id='word_1_30' title='bbox 419 387 654 439; x_wconf 76' lang='lat' dir='ltr'>Ceterum</span> <span class='ocrx_word' id='word_1_31' title='bbox 670 391 874 456; x_wconf 80' lang='lat' dir='ltr'>praesens</span> <span class='ocrx_word' id='word_1_32' title='bbox 892 392 1066 439; x_wconf 85' lang='lat' dir='ltr'>utilitas</span> <span class='ocrx_word' id='word_1_33' title='bbox 1084 393 1229 450; x_wconf 89' lang='lat' dir='ltr'>vicit;</span> <span class='ocrx_word' id='word_1_34' title='bbox 1249 409 1360 439; x_wconf 87' lang='lat' dir='ltr'>nam</span> <span class='ocrx_word' id='word_1_35' title='bbox 1377 404 1576 458; x_wconf 80' lang='lat' dir='ltr'>propter</span> 
     </span>
     <span class='ocr_line' id='line_1_9' title="bbox 278 457 1579 526; baseline 0.002 -20"><span class='ocrx_word' id='word_1_36' title='bbox 278 476 444 526; x_wconf 85' lang='lat' dir='ltr'>agrum</span> <span class='ocrx_word' id='word_1_37' title='bbox 463 497 477 519; x_wconf 88' lang='lat'>‚</span> <span class='ocrx_word' id='word_1_38' title='bbox 503 475 651 526; x_wconf 89' lang='lat' dir='ltr'>quem</span> <span class='ocrx_word' id='word_1_39' title='bbox 673 460 808 508; x_wconf 88' lang='lat' dir='ltr'>omni</span> <span class='ocrx_word' id='word_1_40' title='bbox 829 457 1074 508; x_wconf 85' lang='lat' dir='ltr'>fertilitate</span> <span class='ocrx_word' id='word_1_41' title='bbox 1091 475 1231 508; x_wconf 83' lang='lat' dir='ltr'>terrae</span> <span class='ocrx_word' id='word_1_42' title='bbox 1259 457 1366 506; x_wconf 86' lang='lat' dir='ltr'>satis</span> <span class='ocrx_word' id='word_1_43' title='bbox 1391 458 1579 526; x_wconf 55' lang='lat' dir='ltr'>consta-</span> 
     </span>
     <span class='ocr_line' id='line_1_10' title="bbox 276 525 1577 592; baseline 0.001 -17"><span class='ocrx_word' id='word_1_44' title='bbox 276 526 359 575; x_wconf 83' lang='lat' dir='ltr'>bat</span> <span class='ocrx_word' id='word_1_45' title='bbox 393 529 602 592; x_wconf 88' lang='lat' dir='ltr'>primum</span> <span class='ocrx_word' id='word_1_46' title='bbox 638 528 685 574; x_wconf 88' lang='lat' dir='ltr'>in</span> <span class='ocrx_word' id='word_1_47' title='bbox 718 525 849 575; x_wconf 83' lang='lat' dir='ltr'>Italia</span> <span class='ocrx_word' id='word_1_48' title='bbox 882 525 1004 587; x_wconf 84' lang='lat' dir='ltr'>esse,</span> <span class='ocrx_word' id='word_1_49' title='bbox 1036 528 1147 576; x_wconf 77' lang='lat' dir='ltr'>urbs</span> <span class='ocrx_word' id='word_1_50' title='bbox 1180 525 1365 576; x_wconf 85' lang='lat' dir='ltr'>servata</span> <span class='ocrx_word' id='word_1_51' title='bbox 1397 526 1501 585; x_wconf 81' lang='lat' dir='ltr'>est,</span> <span class='ocrx_word' id='word_1_52' title='bbox 1523 530 1577 576; x_wconf 73' lang='lat' dir='ltr'>u&#39;t</span> 
     </span>
     <span class='ocr_line' id='line_1_11' title="bbox 275 593 1578 662; baseline -0.001 -18"><span class='ocrx_word' id='word_1_53' title='bbox 275 593 391 646; x_wconf 80' lang='lat' dir='ltr'>esset</span> <span class='ocrx_word' id='word_1_54' title='bbox 408 595 566 661; x_wconf 89' lang='lat' dir='ltr'>aliqua</span> <span class='ocrx_word' id='word_1_55' title='bbox 597 610 847 644; x_wconf 83' lang='lat' dir='ltr'>aratorum·</span> <span class='ocrx_word' id='word_1_56' title='bbox 870 594 1005 644; x_wconf 89' lang='lat' dir='ltr'>sedes</span> <span class='ocrx_word' id='word_1_57' title='bbox 1039 614 1049 643; x_wconf 90' lang='lat'>:</span> <span class='ocrx_word' id='word_1_58' title='bbox 1081 595 1187 644; x_wconf 87' lang='lat' dir='ltr'>urbi</span> <span class='ocrx_word' id='word_1_59' title='bbox 1216 594 1578 662; x_wconf 82' lang='lat' dir='ltr'>frequentandae</span> 
     </span>
     <span class='ocr_line' id='line_1_12' title="bbox 275 662 1581 731; baseline -0.002 -18"><span class='ocrx_word' id='word_1_60' title='bbox 275 664 538 713; x_wconf 83' lang='lat' dir='ltr'>multitudo</span> <span class='ocrx_word' id='word_1_61' title='bbox 554 662 633 730; x_wconf 82' lang='lat'>(3)</span> <span class='ocrx_word' id='word_1_62' title='bbox 652 664 918 712; x_wconf 88' lang='lat' dir='ltr'>incolarum</span> <span class='ocrx_word' id='word_1_63' title='bbox 932 665 1366 731; x_wconf 85' lang='lat' dir='ltr'>libertinorumque</span> <span class='ocrx_word' id='word_1_64' title='bbox 1386 666 1438 713; x_wconf 69' lang='grc' dir='ltr'>ὃ(</span> <span class='ocrx_word' id='word_1_65' title='bbox 1456 662 1581 712; x_wconf 88' lang='lat' dir='ltr'>insti·</span> 
     </span>
     <span class='ocr_line' id='line_1_13' title="bbox 274 731 1578 799; baseline 0.002 -19"><span class='ocrx_word' id='word_1_66' title='bbox 274 746 437 780; x_wconf 85' lang='lat' dir='ltr'>torum</span> <span class='ocrx_word' id='word_1_67' title='bbox 470 732 803 799; x_wconf 85' lang='lat' dir='ltr'>opificumque</span> <span class='ocrx_word' id='word_1_68' title='bbox 825 747 1012 781; x_wconf 88' lang='lat' dir='ltr'>retenta</span> <span class='ocrx_word' id='word_1_69' title='bbox 1036 752 1045 781; x_wconf 90' lang='lat'>:</span> <span class='ocrx_word' id='word_1_70' title='bbox 1075 750 1187 798; x_wconf 80' lang='lat' dir='ltr'>ager</span> <span class='ocrx_word' id='word_1_71' title='bbox 1203 734 1361 781; x_wconf 89' lang='lat' dir='ltr'>omnis</span> <span class='ocrx_word' id='word_1_72' title='bbox 1383 734 1435 782; x_wconf 70' lang='grc' dir='ltr'>ὃ(</span> <span class='ocrx_word' id='word_1_73' title='bbox 1456 731 1578 782; x_wconf 67' lang='lat' dir='ltr'>tecla</span> 
     </span>
     <span class='ocr_line' id='line_1_14' title="bbox 276 800 1581 867; baseline 0 -19"><span class='ocrx_word' id='word_1_74' title='bbox 276 801 472 866; x_wconf 71' lang='lat' dir='ltr'>publica</span> <span class='ocrx_word' id='word_1_75' title='bbox 517 801 686 867; x_wconf 88' lang='lat' dir='ltr'>populi</span> <span class='ocrx_word' id='word_1_76' title='bbox 717 800 866 850; x_wconf 85' lang='lat' dir='ltr'>Rom.</span> <span class='ocrx_word' id='word_1_77' title='bbox 911 800 1051 850; x_wconf 55' lang='lat' dir='ltr'>faelaf</span> <span class='ocrx_word' id='word_1_78' title='bbox 1086 800 1320 850; x_wconf 73' lang='lat' dir='ltr'>Ceterum</span> <span class='ocrx_word' id='word_1_79' title='bbox 1373 801 1581 849; x_wconf 88' lang='lat' dir='ltr'>habitari</span> 
     </span>
     <span class='ocr_line' id='line_1_15' title="bbox 274 868 1583 936; baseline 0.001 -20"><span class='ocrx_word' id='word_1_80' title='bbox 274 870 460 917; x_wconf 68' lang='lat' dir='ltr'>tantum</span> <span class='ocrx_word' id='word_1_81' title='bbox 483 907 498 927; x_wconf 79' lang='lat'>‚</span> <span class='ocrx_word' id='word_1_82' title='bbox 531 884 757 935; x_wconf 75' lang='lat' dir='ltr'>tanquam</span> <span class='ocrx_word' id='word_1_83' title='bbox 782 868 953 918; x_wconf 79' lang='lat' dir='ltr'>urbem</span> <span class='ocrx_word' id='word_1_84' title='bbox 975 908 987 924; x_wconf 86' lang='lat'>,</span> <span class='ocrx_word' id='word_1_85' title='bbox 1019 868 1238 936; x_wconf 86' lang='lat' dir='ltr'>Capuam</span> <span class='ocrx_word' id='word_1_86' title='bbox 1258 907 1272 927; x_wconf 87' lang='lat'>,</span> <span class='ocrx_word' id='word_1_87' title='bbox 1303 868 1583 936; x_wconf 77' lang='lat' dir='ltr'>frequenta⁴</span> 
     </span>
     <span class='ocr_line' id='line_1_16' title="bbox 273 936 1589 1004; baseline 0.002 -20"><span class='ocrx_word' id='word_1_88' title='bbox 273 939 411 1002; x_wconf 82' lang='lat' dir='ltr'>rique</span> <span class='ocrx_word' id='word_1_89' title='bbox 443 939 622 1003; x_wconf 82' lang='lat' dir='ltr'>placuit</span> <span class='ocrx_word' id='word_1_90' title='bbox 649 956 659 986; x_wconf 76' lang='grc' dir='ltr'>ε</span> <span class='ocrx_word' id='word_1_91' title='bbox 694 954 872 1004; x_wconf 85' lang='lat' dir='ltr'>corpus</span> <span class='ocrx_word' id='word_1_92' title='bbox 897 938 1082 986; x_wconf 90' lang='lat' dir='ltr'>nullum</span> <span class='ocrx_word' id='word_1_93' title='bbox 1117 939 1323 986; x_wconf 78' lang='lat' dir='ltr'>civitatis</span> <span class='ocrx_word' id='word_1_94' title='bbox 1349 975 1363 998; x_wconf 86' lang='lat'>,</span> <span class='ocrx_word' id='word_1_95' title='bbox 1390 955 1481 986; x_wconf 90' lang='lat' dir='ltr'>nec</span> <span class='ocrx_word' id='word_1_96' title='bbox 1515 936 1589 986; x_wconf 88' lang='lat' dir='ltr'>se·-</span> 
     </span>
     <span class='ocr_line' id='line_1_17' title="bbox 274 1004 1584 1072; baseline 0.002 -20"><span class='ocrx_word' id='word_1_97' title='bbox 274 1004 413 1054; x_wconf 73' lang='lat' dir='ltr'>natfis</span> <span class='ocrx_word' id='word_1_98' title='bbox 442 1042 456 1065; x_wconf 87' lang='lat'>‚</span> <span class='ocrx_word' id='word_1_99' title='bbox 492 1022 582 1054; x_wconf 89' lang='lat' dir='ltr'>nec</span> <span class='ocrx_word' id='word_1_100' title='bbox 614 1005 772 1071; x_wconf 83' lang='lat' dir='ltr'>plebis</span> <span class='ocrx_word' id='word_1_101' title='bbox 810 1008 1071 1056; x_wconf 85' lang='lat' dir='ltr'>concilium</span> <span class='ocrx_word' id='word_1_102' title='bbox 1095 1045 1108 1066; x_wconf 93' lang='lat'>,</span> <span class='ocrx_word' id='word_1_103' title='bbox 1151 1023 1242 1055; x_wconf 88' lang='lat' dir='ltr'>nec</span> <span class='ocrx_word' id='word_1_104' title='bbox 1287 1005 1584 1072; x_wconf 63' lang='lat' dir='ltr'>magistratus</span> 
     </span>
     <span class='ocr_line' id='line_1_18' title="bbox 272 1071 1584 1141; baseline 0.001 -20"><span class='ocrx_word' id='word_1_105' title='bbox 272 1072 366 1122; x_wconf 79' lang='lat' dir='ltr'>esse</span> <span class='ocrx_word' id='word_1_106' title='bbox 401 1091 410 1120; x_wconf 76' lang='grc' dir='ltr'>ε</span> <span class='ocrx_word' id='word_1_107' title='bbox 449 1071 549 1123; x_wconf 83' lang='lat' dir='ltr'>fine</span> <span class='ocrx_word' id='word_1_108' title='bbox 588 1073 787 1122; x_wconf 78' lang='lat' dir='ltr'>confilio</span> <span class='ocrx_word' id='word_1_109' title='bbox 831 1076 1028 1140; x_wconf 84' lang='lat' dir='ltr'>publico</span> <span class='ocrx_word' id='word_1_110' title='bbox 1051 1116 1063 1133; x_wconf 94' lang='lat'>‚</span> <span class='ocrx_word' id='word_1_111' title='bbox 1099 1074 1197 1123; x_wconf 77' lang='lat' dir='ltr'>sine</span> <span class='ocrx_word' id='word_1_112' title='bbox 1223 1077 1429 1141; x_wconf 77' lang='lat' dir='ltr'>imperio</span> <span class='ocrx_word' id='word_1_113' title='bbox 1462 1074 1584 1122; x_wconf 87' lang='lat' dir='ltr'>mul-</span> 
     </span>
     <span class='ocr_line' id='line_1_19' title="bbox 271 1142 1583 1203; baseline 0.001 -13"><span class='ocrx_word' id='word_1_114' title='bbox 271 1142 531 1191; x_wconf 71' lang='lat' dir='ltr'>titudinem</span> <span class='ocrx_word' id='word_1_115' title='bbox 551 1180 567 1201; x_wconf 80' lang='lat'>,</span> <span class='ocrx_word' id='word_1_116' title='bbox 599 1143 776 1191; x_wconf 84' lang='lat' dir='ltr'>nullius</span> <span class='ocrx_word' id='word_1_117' title='bbox 810 1147 879 1192; x_wconf 89' lang='lat' dir='ltr'>rei</span> <span class='ocrx_word' id='word_1_118' title='bbox 911 1145 1036 1193; x_wconf 87' lang='lat' dir='ltr'>inter</span> <span class='ocrx_word' id='word_1_119' title='bbox 1069 1143 1115 1192; x_wconf 86' lang='lat' dir='ltr'>se</span> <span class='ocrx_word' id='word_1_120' title='bbox 1150 1142 1328 1192; x_wconf 84' lang='lat' dir='ltr'>sociam</span> <span class='ocrx_word' id='word_1_121' title='bbox 1349 1180 1364 1203; x_wconf 87' lang='lat'>‚</span> <span class='ocrx_word' id='word_1_122' title='bbox 1389 1143 1448 1190; x_wconf 89' lang='lat' dir='ltr'>ad</span> <span class='ocrx_word' id='word_1_123' title='bbox 1473 1160 1583 1191; x_wconf 90' lang='lat' dir='ltr'>con-</span> 
     </span>
     <span class='ocr_line' id='line_1_20' title="bbox 271 1208 1581 1279; baseline 0.002 -22"><span class='ocrx_word' id='word_1_124' title='bbox 271 1208 461 1259; x_wconf 83' lang='lat' dir='ltr'>sensum</span> <span class='ocrx_word' id='word_1_125' title='bbox 489 1211 750 1260; x_wconf 87' lang='lat' dir='ltr'>inhabilem</span> <span class='ocrx_word' id='word_1_126' title='bbox 787 1209 892 1260; x_wconf 86' lang='lat' dir='ltr'>fore</span> <span class='ocrx_word' id='word_1_127' title='bbox 919 1231 929 1261; x_wconf 74' lang='lat' dir='ltr'><strong><em>z</em></strong></span> <span class='ocrx_word' id='word_1_128' title='bbox 961 1211 1043 1279; x_wconf 87' lang='lat'>(4)</span> <span class='ocrx_word' id='word_1_129' title='bbox 1072 1210 1350 1278; x_wconf 64' lang='lat' dir='ltr'>praef-‘eclam</span> <span class='ocrx_word' id='word_1_130' title='bbox 1386 1211 1447 1259; x_wconf 87' lang='lat' dir='ltr'>ad</span> <span class='ocrx_word' id='word_1_131' title='bbox 1477 1209 1581 1276; x_wconf 79' lang='lat' dir='ltr'>jura</span> 
     </span>
     <span class='ocr_line' id='line_1_21' title="bbox 273 1278 1581 1346; baseline 0.002 -19"><span class='ocrx_word' id='word_1_132' title='bbox 273 1279 523 1328; x_wconf 77' lang='lat' dir='ltr'>reddenda</span> <span class='ocrx_word' id='word_1_133' title='bbox 546 1279 606 1328; x_wconf 84' lang='lat' dir='ltr'>ab</span> <span class='ocrx_word' id='word_1_134' title='bbox 642 1279 802 1329; x_wconf 85' lang='lat' dir='ltr'>Roma</span> <span class='ocrx_word' id='word_1_135' title='bbox 837 1282 1091 1346; x_wconf 78' lang='lat' dir='ltr'>quotannis</span> <span class='ocrx_word' id='word_1_136' title='bbox 1122 1279 1359 1328; x_wconf 71' lang='lat' dir='ltr'>missuros·</span> <span class='ocrx_word' id='word_1_137' title='bbox 1400 1278 1473 1328; x_wconf 87' lang='lat' dir='ltr'>Ita</span> <span class='ocrx_word' id='word_1_138' title='bbox 1521 1279 1581 1330; x_wconf 78' lang='lat' dir='ltr'>ad</span> 
     </span>
     <span class='ocr_line' id='line_1_22' title="bbox 273 1345 1582 1415; baseline 0 -18"><span class='ocrx_word' id='word_1_139' title='bbox 273 1345 495 1414; x_wconf 74' lang='lat' dir='ltr'>Capuam</span> <span class='ocrx_word' id='word_1_140' title='bbox 516 1365 591 1397; x_wconf 81' lang='lat' dir='ltr'>res</span> <span class='ocrx_word' id='word_1_141' title='bbox 623 1347 906 1415; x_wconf 80' lang='lat' dir='ltr'>compositae</span> <span class='ocrx_word' id='word_1_142' title='bbox 925 1386 938 1408; x_wconf 90' lang='lat'><strong>‚</strong></span> <span class='ocrx_word' id='word_1_143' title='bbox 972 1347 1171 1397; x_wconf 77' lang='lat' dir='ltr'>consilio</span> <span class='ocrx_word' id='word_1_144' title='bbox 1197 1349 1256 1397; x_wconf 84' lang='lat' dir='ltr'>ab</span> <span class='ocrx_word' id='word_1_145' title='bbox 1283 1349 1417 1397; x_wconf 87' lang='lat' dir='ltr'>omni</span> <span class='ocrx_word' id='word_1_146' title='bbox 1444 1363 1582 1414; x_wconf 81' lang='lat' dir='ltr'>parte</span> 
     </span>
     <span class='ocr_line' id='line_1_23' title="bbox 273 1416 1586 1470; baseline 0.004 -7"><span class='ocrx_word' id='word_1_147' title='bbox 273 1416 502 1465; x_wconf 79' lang='lat' dir='ltr'>laudabili</span> <span class='ocrx_word' id='word_1_148' title='bbox 522 1416 722 1466; x_wconf 66' lang='lat' dir='ltr'>:severe</span> <span class='ocrx_word' id='word_1_149' title='bbox 761 1417 815 1466; x_wconf 71' lang='grc' dir='ltr'>δε</span> <span class='ocrx_word' id='word_1_150' title='bbox 845 1419 1068 1467; x_wconf 79' lang='lat' dir='ltr'>celeriter</span> <span class='ocrx_word' id='word_1_151' title='bbox 1099 1419 1148 1464; x_wconf 90' lang='lat' dir='ltr'>in</span> <span class='ocrx_word' id='word_1_152' title='bbox 1180 1418 1389 1465; x_wconf 74' lang='lat' dir='ltr'>maxime</span> <span class='ocrx_word' id='word_1_153' title='bbox 1410 1420 1586 1470; x_wconf 78' lang='lat' dir='ltr'>noxios</span> 
     </span>
     <span class='ocr_line' id='line_1_24' title="bbox 272 1483 1585 1552; baseline 0.002 -20"><span class='ocrx_word' id='word_1_154' title='bbox 272 1484 662 1535; x_wconf 85' lang='lat' dir='ltr'>animadversum</span> <span class='ocrx_word' id='word_1_155' title='bbox 694 1502 712 1545; x_wconf 76' lang='lat'>3</span> <span class='ocrx_word' id='word_1_156' title='bbox 749 1486 1008 1535; x_wconf 78' lang='lat' dir='ltr'>multitudo</span> <span class='ocrx_word' id='word_1_157' title='bbox 1052 1486 1234 1534; x_wconf 85' lang='lat' dir='ltr'>civium</span> <span class='ocrx_word' id='word_1_158' title='bbox 1275 1483 1490 1552; x_wconf 79' lang='lat' dir='ltr'>diffipata</span> <span class='ocrx_word' id='word_1_159' title='bbox 1532 1488 1585 1534; x_wconf 87' lang='lat' dir='ltr'>in</span> 
     </span>
     <span class='ocr_line' id='line_1_25' title="bbox 271 1552 1586 1620; baseline 0.002 -18"><span class='ocrx_word' id='word_1_160' title='bbox 271 1553 453 1602; x_wconf 87' lang='lat' dir='ltr'>nullam</span> <span class='ocrx_word' id='word_1_161' title='bbox 500 1552 637 1620; x_wconf 87' lang='lat' dir='ltr'>spem</span> <span class='ocrx_word' id='word_1_162' title='bbox 676 1553 860 1603; x_wconf 62' lang='lat' dir='ltr'>‘reditus</span> <span class='ocrx_word' id='word_1_163' title='bbox 890 1572 901 1603; x_wconf 92' lang='lat'>:</span> <span class='ocrx_word' id='word_1_164' title='bbox 936 1572 1036 1604; x_wconf 88' lang='lat' dir='ltr'>non</span> <span class='ocrx_word' id='word_1_165' title='bbox 1083 1553 1301 1602; x_wconf 83' lang='lat' dir='ltr'>saevitum</span> <span class='ocrx_word' id='word_1_166' title='bbox 1347 1554 1586 1604; x_wconf 87' lang='lat' dir='ltr'>incendiis</span> 
     </span>
     <span class='ocr_line' id='line_1_26' title="bbox 271 1621 1586 1689; baseline 0.002 -19"><span class='ocrx_word' id='word_1_167' title='bbox 271 1621 515 1689; x_wconf 75' lang='lat' dir='ltr'>ruinisque</span> <span class='ocrx_word' id='word_1_168' title='bbox 546 1624 597 1670; x_wconf 90' lang='lat' dir='ltr'>in</span> <span class='ocrx_word' id='word_1_169' title='bbox 636 1621 760 1677; x_wconf 59' lang='lat' dir='ltr'>testa</span> <span class='ocrx_word' id='word_1_170' title='bbox 791 1625 984 1672; x_wconf 77' lang='lat' dir='ltr'>innoxia</span> <span class='ocrx_word' id='word_1_171' title='bbox 1036 1622 1295 1689; x_wconf 84' lang='lat' dir='ltr'>murosque</span> <span class='ocrx_word' id='word_1_172' title='bbox 1330 1639 1347 1683; x_wconf 78' lang='lat'>3</span> <span class='ocrx_word' id='word_1_173' title='bbox 1379 1622 1434 1672; x_wconf 90' lang='lat'>&amp;</span> <span class='ocrx_word' id='word_1_174' title='bbox 1472 1640 1586 1673; x_wconf 88' lang='lat' dir='ltr'>cum</span> 
     </span>
     <span class='ocr_line' id='line_1_27' title="bbox 277 1690 1588 1759; baseline -0.002 -20"><span class='ocrx_word' id='word_1_175' title='bbox 277 1691 617 1741; x_wconf 86' lang='lat' dir='ltr'>emolumento</span> <span class='ocrx_word' id='word_1_176' title='bbox 658 1690 850 1759; x_wconf 83' lang='lat' dir='ltr'>quaefita</span> <span class='ocrx_word' id='word_1_177' title='bbox 892 1694 1036 1741; x_wconf 86' lang='lat' dir='ltr'>etiam</span> <span class='ocrx_word' id='word_1_178' title='bbox 1067 1692 1195 1759; x_wconf 87' lang='lat' dir='ltr'>apud</span> <span class='ocrx_word' id='word_1_179' title='bbox 1225 1690 1389 1740; x_wconf 30' lang='lat' dir='ltr'>socios*</span> <span class='ocrx_word' id='word_1_180' title='bbox 1415 1692 1588 1741; x_wconf 71' lang='lat' dir='ltr'>lenita-</span> 
     </span>
     <span class='ocr_line' id='line_1_28' title="bbox 277 1758 1587 1825; baseline 0.002 -17"><span class='ocrx_word' id='word_1_181' title='bbox 277 1762 339 1808; x_wconf 74' lang='lat' dir='ltr'>tis</span> <span class='ocrx_word' id='word_1_182' title='bbox 371 1758 449 1825; x_wconf 92' lang='lat'>(5)</span> <span class='ocrx_word' id='word_1_183' title='bbox 484 1758 666 1825; x_wconf 83' lang='lat' dir='ltr'>species</span> <span class='ocrx_word' id='word_1_184' title='bbox 690 1798 705 1820; x_wconf 83' lang='lat'>,</span> <span class='ocrx_word' id='word_1_185' title='bbox 736 1760 1068 1810; x_wconf 81' lang='lat' dir='ltr'>incolumitate</span> <span class='ocrx_word' id='word_1_186' title='bbox 1113 1760 1242 1809; x_wconf 89' lang='lat' dir='ltr'>urbis</span> <span class='ocrx_word' id='word_1_187' title='bbox 1283 1759 1587 1810; x_wconf 82' lang='lat' dir='ltr'>nobiliffimae</span> 
     </span>
     <span class='ocr_line' id='line_1_29' title="bbox 275 1826 1590 1896; baseline 0.002 -19"><span class='ocrx_word' id='word_1_188' title='bbox 275 1826 744 1895; x_wconf 82' lang='lat' dir='ltr'>opulentiffimaeque</span> <span class='ocrx_word' id='word_1_189' title='bbox 768 1868 778 1885; x_wconf 92' lang='lat'><strong><em>‚</em></strong></span> <span class='ocrx_word' id='word_1_190' title='bbox 824 1828 958 1895; x_wconf 73' lang='lat' dir='ltr'>cujus</span> <span class='ocrx_word' id='word_1_191' title='bbox 997 1829 1141 1878; x_wconf 88' lang='lat' dir='ltr'>ruinis</span> <span class='ocrx_word' id='word_1_192' title='bbox 1181 1830 1340 1878; x_wconf 88' lang='lat' dir='ltr'>omnis</span> <span class='ocrx_word' id='word_1_193' title='bbox 1379 1827 1590 1896; x_wconf 76' lang='lat' dir='ltr'>Campa·</span> 
     </span>
     <span class='ocr_line' id='line_1_30' title="bbox 274 1895 1590 1964; baseline 0.001 -19"><span class='ocrx_word' id='word_1_194' title='bbox 274 1900 388 1954; x_wconf 80' lang='lat' dir='ltr'>nia,</span> <span class='ocrx_word' id='word_1_195' title='bbox 420 1914 593 1945; x_wconf 87' lang='lat' dir='ltr'>omnes</span> <span class='ocrx_word' id='word_1_196' title='bbox 627 1898 708 1961; x_wconf 86' lang='lat' dir='ltr'>qui</span> <span class='ocrx_word' id='word_1_197' title='bbox 730 1895 1048 1964; x_wconf 84' lang='lat' dir='ltr'>Campaniam</span> <span class='ocrx_word' id='word_1_198' title='bbox 1084 1897 1208 1945; x_wconf 72' lang='lat' dir='ltr'>circa</span> <span class='ocrx_word' id='word_1_199' title='bbox 1243 1897 1467 1947; x_wconf 87' lang='lat' dir='ltr'>accolunt</span> <span class='ocrx_word' id='word_1_200' title='bbox 1502 1916 1590 1964; x_wconf 85' lang='lat' dir='ltr'>po·</span> 
     </span>
     <span class='ocr_line' id='line_1_31' title="bbox 275 1964 1589 2032; baseline 0 -19"><span class='ocrx_word' id='word_1_201' title='bbox 275 1966 378 2032; x_wconf 84' lang='lat' dir='ltr'>puli</span> <span class='ocrx_word' id='word_1_202' title='bbox 407 1964 768 2031; x_wconf 80' lang='lat' dir='ltr'>ingemuiffent:</span> <span class='ocrx_word' id='word_1_203' title='bbox 788 1965 1018 2015; x_wconf 78' lang='lat' dir='ltr'>confessio</span> <span class='ocrx_word' id='word_1_204' title='bbox 1037 1964 1247 2031; x_wconf 78' lang='lat' dir='ltr'>expressa</span> <span class='ocrx_word' id='word_1_205' title='bbox 1265 1964 1386 2014; x_wconf 89' lang='lat' dir='ltr'>hosti</span> <span class='ocrx_word' id='word_1_206' title='bbox 1403 2004 1417 2026; x_wconf 91' lang='lat'>‚</span> <span class='ocrx_word' id='word_1_207' title='bbox 1439 1984 1589 2032; x_wconf 88' lang='lat' dir='ltr'>quan-</span> 
     </span>
    </p>
   </div>
   <div class='ocr_carea' id='block_1_3' title="bbox 244 2033 1590 2102">
    <p class='ocr_par' dir='ltr' id='par_1_4' title="bbox 244 2033 1590 2102">
     <span class='ocr_line' id='line_1_32' title="bbox 244 2033 1590 2102; baseline 0 -20"><span class='ocrx_word' id='word_1_208' title='bbox 244 2050 324 2099; x_wconf 36' lang='grc' dir='ltr'>,ἵει</span> <span class='ocrx_word' id='word_1_209' title='bbox 357 2035 434 2083; x_wconf 86' lang='lat' dir='ltr'>vis</span> <span class='ocrx_word' id='word_1_210' title='bbox 456 2035 506 2082; x_wconf 88' lang='lat' dir='ltr'>in</span> <span class='ocrx_word' id='word_1_211' title='bbox 532 2033 768 2083; x_wconf 86' lang='lat' dir='ltr'>Romanis</span> <span class='ocrx_word' id='word_1_212' title='bbox 801 2035 864 2084; x_wconf 83' lang='lat' dir='ltr'>ad</span> <span class='ocrx_word' id='word_1_213' title='bbox 903 2034 1197 2102; x_wconf 84' lang='lat' dir='ltr'>expetendas</span> <span class='ocrx_word' id='word_1_214' title='bbox 1233 2051 1402 2100; x_wconf 86' lang='lat' dir='ltr'>poenas</span> <span class='ocrx_word' id='word_1_215' title='bbox 1439 2035 1497 2082; x_wconf 89' lang='lat' dir='ltr'>ab</span> <span class='ocrx_word' id='word_1_216' title='bbox 1522 2036 1590 2083; x_wconf 88' lang='lat' dir='ltr'>in·</span> 
     </span>
    </p>
   </div>
   <div class='ocr_carea' id='block_1_4' title="bbox 275 2100 1590 2170">
    <p class='ocr_par' dir='ltr' id='par_1_5' title="bbox 275 2100 1590 2170">
     <span class='ocr_line' id='line_1_33' title="bbox 275 2100 1590 2170; baseline 0 -19"><span class='ocrx_word' id='word_1_217' title='bbox 275 2101 505 2153; x_wconf 81' lang='lat' dir='ltr'>fidelibus</span> <span class='ocrx_word' id='word_1_218' title='bbox 536 2100 710 2162; x_wconf 74' lang='lat' dir='ltr'>sociis,</span> <span class='ocrx_word' id='word_1_219' title='bbox 744 2104 795 2153; x_wconf 86' lang='lat'>&amp;</span> <span class='ocrx_word' id='word_1_220' title='bbox 823 2103 967 2170; x_wconf 74' lang='lat' dir='ltr'>quam</span> <span class='ocrx_word' id='word_1_221' title='bbox 997 2103 1115 2151; x_wconf 82' lang='lat' dir='ltr'>nihil</span> <span class='ocrx_word' id='word_1_222' title='bbox 1151 2103 1199 2150; x_wconf 89' lang='lat' dir='ltr'>in</span> <span class='ocrx_word' id='word_1_223' title='bbox 1231 2103 1473 2152; x_wconf 82' lang='lat' dir='ltr'>Annibale</span> <span class='ocrx_word' id='word_1_224' title='bbox 1506 2121 1590 2151; x_wconf 71' lang='lat' dir='ltr'>au·-</span> 
     </span>
    </p>
   </div>
   <div class='ocr_carea' id='block_1_5' title="bbox 261 2169 1412 2237">
    <p class='ocr_par' dir='ltr' id='par_1_6' title="bbox 261 2169 1412 2237">
     <span class='ocr_line' id='line_1_34' title="bbox 261 2169 1412 2237; baseline 0 -16"><span class='ocrx_word' id='word_1_225' title='bbox 261 2171 379 2226; x_wconf 24' lang='lat' dir='ltr'>fxilii</span> <span class='ocrx_word' id='word_1_226' title='bbox 415 2171 477 2220; x_wconf 84' lang='lat' dir='ltr'>ad</span> <span class='ocrx_word' id='word_1_227' title='bbox 508 2187 736 2237; x_wconf 80' lang='lat' dir='ltr'>receptos</span> <span class='ocrx_word' id='word_1_228' title='bbox 766 2173 814 2219; x_wconf 86' lang='lat' dir='ltr'>in</span> <span class='ocrx_word' id='word_1_229' title='bbox 853 2170 1004 2220; x_wconf 84' lang='lat' dir='ltr'>fidem</span> <span class='ocrx_word' id='word_1_230' title='bbox 1039 2171 1246 2222; x_wconf 90' lang='lat' dir='ltr'>tuendos</span> <span class='ocrx_word' id='word_1_231' title='bbox 1282 2169 1412 2221; x_wconf 81' lang='lat' dir='ltr'>effer.</span> 
     </span>
    </p>
   </div>
   <div class='ocr_carea' id='block_1_6' title="bbox 274 2289 1602 2721">
    <p class='ocr_par' dir='ltr' id='par_1_7' title="bbox 274 2289 1602 2595">
     <span class='ocr_line' id='line_1_35' title="bbox 342 2289 1587 2347; baseline 0.004 -16"><span class='ocrx_word' id='word_1_232' title='bbox 342 2304 361 2347; x_wconf 82' lang='lat'><em>3</em></span> <span class='ocrx_word' id='word_1_233' title='bbox 384 2290 640 2347; x_wconf 75' lang='lat' dir='ltr'>Incolarum]</span> <span class='ocrx_word' id='word_1_234' title='bbox 661 2290 814 2332; x_wconf 84' lang='lat' dir='ltr'>Eorum</span> <span class='ocrx_word' id='word_1_235' title='bbox 829 2290 897 2345; x_wconf 86' lang='lat' dir='ltr'>qui</span> <span class='ocrx_word' id='word_1_236' title='bbox 1031 2304 1055 2342; x_wconf 32' lang='grc' dir='ltr'>ς’</span> <span class='ocrx_word' id='word_1_237' title='bbox 1072 2289 1256 2345; x_wconf 80' lang='lat' dir='ltr'>Species]</span> <span class='ocrx_word' id='word_1_238' title='bbox 1278 2292 1424 2334; x_wconf 85' lang='lat' dir='ltr'>Gloria</span> <span class='ocrx_word' id='word_1_239' title='bbox 1442 2294 1587 2336; x_wconf 61' lang='lat' dir='ltr'>blande</span> 
     </span>
     <span class='ocr_line' id='line_1_36' title="bbox 276 2353 1588 2409; baseline 0.002 -13"><span class='ocrx_word' id='word_1_240' title='bbox 276 2353 461 2409; x_wconf 83' lang='lat' dir='ltr'>Capuam</span> <span class='ocrx_word' id='word_1_241' title='bbox 483 2367 533 2393; x_wconf 84' lang='lat' dir='ltr'>ex</span> <span class='ocrx_word' id='word_1_242' title='bbox 547 2355 624 2393; x_wconf 84' lang='lat' dir='ltr'>alia</span> <span class='ocrx_word' id='word_1_243' title='bbox 643 2354 776 2408; x_wconf 83' lang='lat' dir='ltr'>aliqua</span> <span class='ocrx_word' id='word_1_244' title='bbox 799 2354 899 2393; x_wconf 84' lang='lat' dir='ltr'>urbe</span> <span class='ocrx_word' id='word_1_245' title='bbox 965 2353 1149 2392; x_wconf 82' lang='lat' dir='ltr'>alliciens</span> <span class='ocrx_word' id='word_1_246' title='bbox 1167 2355 1337 2396; x_wconf 85' lang='lat' dir='ltr'>animos.</span> <span class='ocrx_word' id='word_1_247' title='bbox 1353 2355 1506 2409; x_wconf 79' lang='lat' dir='ltr'>Species</span> <span class='ocrx_word' id='word_1_248' title='bbox 1523 2358 1588 2398; x_wconf 84' lang='lat' dir='ltr'>sae-</span> 
     </span>
     <span class='ocr_line' id='line_1_37' title="bbox 274 2413 1590 2472; baseline 0.002 -15"><span class='ocrx_word' id='word_1_249' title='bbox 274 2418 346 2457; x_wconf 70' lang='lat' dir='ltr'>vel</span> <span class='ocrx_word' id='word_1_250' title='bbox 381 2417 554 2471; x_wconf 85' lang='lat' dir='ltr'>regione</span> <span class='ocrx_word' id='word_1_251' title='bbox 584 2413 896 2470; x_wconf 83' lang='lat' dir='ltr'>immigraffent,</span> <span class='ocrx_word' id='word_1_252' title='bbox 966 2427 1030 2468; x_wconf 83' lang='lat' dir='ltr'>pe</span> <span class='ocrx_word' id='word_1_253' title='bbox 1047 2414 1320 2469; x_wconf 42' lang='lat' dir='ltr'>sumitur-*pro</span> <span class='ocrx_word' id='word_1_254' title='bbox 1341 2417 1559 2472; x_wconf 85' lang='lat' dir='ltr'>splendore</span> <span class='ocrx_word' id='word_1_255' title='bbox 1577 2450 1590 2471; x_wconf 85' lang='lat'>,</span> 
     </span>
     <span class='ocr_line' id='line_1_38' title="bbox 280 2476 1592 2532; baseline 0.002 -13"><span class='ocrx_word' id='word_1_256' title='bbox 280 2480 323 2519; x_wconf 66' lang='grc' dir='ltr'>ὃ(</span> <span class='ocrx_word' id='word_1_257' title='bbox 360 2478 533 2531; x_wconf 84' lang='lat' dir='ltr'>proinde</span> <span class='ocrx_word' id='word_1_258' title='bbox 565 2477 676 2520; x_wconf 86' lang='lat' dir='ltr'>cives</span> <span class='ocrx_word' id='word_1_259' title='bbox 708 2476 905 2532; x_wconf 83' lang='lat' dir='ltr'>Campani</span> <span class='ocrx_word' id='word_1_260' title='bbox 969 2477 1121 2516; x_wconf 90' lang='lat' dir='ltr'>decore</span> <span class='ocrx_word' id='word_1_261' title='bbox 1139 2508 1148 2526; x_wconf 94' lang='lat'>,</span> <span class='ocrx_word' id='word_1_262' title='bbox 1168 2478 1381 2532; x_wconf 81' lang='lat' dir='ltr'>dignitate.</span> <span class='ocrx_word' id='word_1_263' title='bbox 1403 2480 1468 2520; x_wconf 89' lang='lat' dir='ltr'>Sic</span> <span class='ocrx_word' id='word_1_264' title='bbox 1488 2481 1592 2522; x_wconf 73' lang='lat' dir='ltr'>infra</span> 
     </span>
     <span class='ocr_line' id='line_1_39' title="bbox 282 2538 1602 2595; baseline 0.002 -13"><span class='ocrx_word' id='word_1_265' title='bbox 282 2554 368 2582; x_wconf 72' lang='lat' dir='ltr'>zion</span> <span class='ocrx_word' id='word_1_266' title='bbox 395 2539 541 2581; x_wconf 83' lang='lat' dir='ltr'>effent.</span> <span class='ocrx_word' id='word_1_267' title='bbox 969 2538 1151 2580; x_wconf 85' lang='lat' dir='ltr'>XXXII.</span> <span class='ocrx_word' id='word_1_268' title='bbox 1187 2539 1258 2594; x_wconf 81' lang='lat'>36.</span> <span class='ocrx_word' id='word_1_269' title='bbox 1286 2553 1328 2579; x_wconf 80' lang='lat' dir='ltr'>ut</span> <span class='ocrx_word' id='word_1_270' title='bbox 1347 2540 1516 2595; x_wconf 79' lang='lat' dir='ltr'>speciem</span> <span class='ocrx_word' id='word_1_271' title='bbox 1534 2543 1602 2585; x_wconf 62' lang='lat' dir='ltr'>le-</span> 
     </span>
    </p>

    <p class='ocr_par' dir='ltr' id='par_1_8' title="bbox 285 2600 1368 2721">
     <span class='ocr_line' id='line_1_40' title="bbox 348 2600 1368 2657; baseline 0.002 -15"><span class='ocrx_word' id='word_1_272' title='bbox 348 2617 376 2651; x_wconf 84' lang='lat'><strong>4</strong></span> <span class='ocrx_word' id='word_1_273' title='bbox 392 2601 615 2653; x_wconf 62' lang='lat' dir='ltr'>Praefeelum</span> <span class='ocrx_word' id='word_1_274' title='bbox 633 2600 791 2651; x_wconf 78' lang='lat' dir='ltr'>adjura</span> <span class='ocrx_word' id='word_1_275' title='bbox 818 2603 904 2640; x_wconf 84' lang='lat' dir='ltr'>red-</span> <span class='ocrx_word' id='word_1_276' title='bbox 967 2604 1125 2657; x_wconf 79' lang='lat' dir='ltr'>gationi</span> <span class='ocrx_word' id='word_1_277' title='bbox 1148 2601 1347 2656; x_wconf 82' lang='lat' dir='ltr'>adjiceret.</span> <span class='ocrx_word' id='word_1_278' title='bbox 1366 2645 1368 2647; x_wconf 66' lang='grc'><strong>,</strong></span> 
     </span>
     <span class='ocr_line' id='line_1_41' title="bbox 285 2664 874 2721; baseline -0.002 -15"><span class='ocrx_word' id='word_1_279' title='bbox 285 2666 409 2706; x_wconf 62' lang='lat' dir='ltr'>denda</span> <span class='ocrx_word' id='word_1_280' title='bbox 429 2667 445 2721; x_wconf 92' lang='lat'>]</span> <span class='ocrx_word' id='word_1_281' title='bbox 467 2665 573 2712; x_wconf 74' lang='lat' dir='ltr'>Vide</span> <span class='ocrx_word' id='word_1_282' title='bbox 599 2664 773 2707; x_wconf 81' lang='lat' dir='ltr'>l.1X.c.</span> <span class='ocrx_word' id='word_1_283' title='bbox 803 2677 874 2705; x_wconf 83' lang='lat'>20.</span> 
     </span>
    </p>
   </div>
  </div>
 </body>
</html>
