1649 3104
314 90 423 149 162
724 98 1265 157 T.L1v11*

95 188 467 252 U.cs44,li&um
519 210 546 240 a
592 193 787 246 consule
833 201 1097 248 exercitum
1145 198 1215 264 Q.
1254 198 1448 248 Fulvius
1495 204 1615 266 pro-

94 260 288 304 a.C.2CS.
307 257 474 307 consul
519 264 761 329 acciperet
797 282 812 325 3
850 268 990 335 eique
1037 270 1087 316 in
1131 285 1310 316 annum
1358 268 1614 331 imperium

305 325 422 375 effet
453 346 463 377 τ
499 330 552 379 &
588 329 648 381 C.
685 333 931 392 Hostilio,
968 338 1044 384 cui
1087 353 1178 401 pro
1216 336 1404 385 Etruria
1434 334 1614 384 Taren-

301 408 405 442 tum
436 414 742 450 mutaverant
774 405 1077 468 provinciam
1101 443 1117 463 ,
1143 423 1232 471 pro
1265 403 1486 453 Tarento
1520 402 1615 452 Ca·

304 480 447 528 puam
482 482 790 518 mutaverunt
816 491 826 520 ε
854 472 985 539 legio
1020 492 1111 521 una
1141 474 1277 531 data,
1313 473 1388 521 cui
1417 471 1614 520 Fulvius

302 536 530 598 proximo
571 555 696 586 anno
735 538 1006 606 praefuerat.
1625 550 1629 551 ⁷

146 619 293 676 'Asdru-
374 600 614 653 XXXVI.
651 605 732 655 De
776 607 1056 658 Asdrubalis
1095 609 1304 657 adventu
1347 609 1396 656 in
1434 606 1617 657 Italiam

96 683 166 723 bal
252 688 294 724 in
311 686 422 717 cura
467 674 516 719 in
554 674 656 722 dies
703 676 962 727 crescebat.
1006 676 1366 727 Massiliensium
1413 676 1621 742 primum

97 744 280 786 Galliam
310 737 452 805 legati
501 745 848 794 nunciaverant
878 785 892 808 ‚
949 764 1061 795 eum
1111 749 1159 795 in
1211 744 1422 795 Galliam
1470 742 1621 792 trans-

94 808 294 865 transgres
310 806 555 873 gress'um3
600 812 881 881 erecslosque
925 817 1136 864 adventu
1185 813 1325 877 ejuS,
1364 813 1476 880 quia
1520 830 1619 861 ma·

79 868 171 924 sus.
308 892 457 942 gnum
504 880 694 945 pondus
736 885 836 931 auri
874 878 1071 932 attulisse
1114 880 1356 932 diceretur
1400 881 1459 930 ad
1497 897 1618 928 rner-

305 945 427 993 cede
469 948 637 997 auxilia
680 951 1001 1000 conducenda
1030 990 1044 1011 ‚
1090 951 1345 1001 Gallorum
1392 950 1616 999 animos:

302 1011 424 1061 miffi
461 1014 638 1066 deinde
671 1037 781 1066 cum
814 1021 868 1068 iis
904 1020 1048 1088 legati
1081 1021 1139 1073 ab
1177 1019 1337 1069 Roma
1371 1016 1480 1067 Sex.
1513 1017 1618 1065 An-

301 1079 542 1142 tistius&
576 1086 650 1134 M.
683 1086 854 1137 Retius
891 1090 952 1137 ad
991 1107 1094 1137 rem
1130 1087 1469 1155 inspiciendam
1493 1124 1509 1144 ‚
1542 1102 1619 1134 re·-

299 1150 508 1201 tulerant
528 1191 542 1213 ,
572 1153 744 1204 mifiss'e
773 1155 818 1205 se
842 1176 953 1206 cum
982 1155 1351 1206 Maffilienfibus
1384 1154 1616 1213 ducibus,

298 1219 381 1285 qui
413 1238 499 1286 per
527 1221 606 1287 (7)
638 1224 848 1291 hospites
877 1244 1047 1275 eorum
1078 1227 1321 1292 principes
1357 1222 1617 1274 Gallorum

298 1291 465 1337 omnia
496 1292 744 1358 explorata
772 1294 1021 1344 referrent.
1054 1294 1147 1343 Pro
1179 1308 1433 1357 comperto
1468 1292 1618 1340 liabe-⁴

298 1372 351 1403 re
382 1395 397 1415 5
447 1357 769 1409 Asdrubalem
818 1365 997 1431 ingenti
1046 1361 1139 1425 iam
1189 1361 1354 1411 coa&o
1405 1361 1619 1410 exercitu

296 1429 523 1490 proximo
555 1447 672 1478 vere
704 1430 859 1496 Alpes
888 1431 1197 1497 trajeciurum
1219 1449 1234 1491 3
1260 1448 1347 1478 nec
1377 1445 1477 1478 turn
1506 1425 1642 1477 eum'

295 1496 554 1561 quicquam
587 1498 714 1546 aliud
749 1502 922 1547 morari
949 1539 963 1558 ,
1011 1499 1093 1547 nisi
1131 1499 1262 1566 quod
1299 1497 1464 1546 clausae
1511 1499 1617 1546 hie-

296 1579 379 1611 me
426 1565 579 1631 Alpes
629 1565 792 1616 effenr.
846 1568 900 1616 In
950 1568 1113 1617 locum
1164 1566 1236 1616 M.
1288 1565 1508 1615 Marcelli
1559 1566 1617 1617 P.

295 1631 450 1682 AElius
487 1634 641 1684 Paetus
677 1654 827 1703 augur
864 1633 1525 1703 creatus,inauguratusque3
1563 1634 1629 1684 &·

299 1701 394 1752 Cn.
445 1701 702 1754 Cornelius
756 1705 1016 1755 Dolabella
1058 1723 1146 1754 rex
1195 1705 1435 1753 sacrorum
1484 1705 1620 1751 inau-

301 1785 493 1839 guratus
539 1772 606 1822 est
643 1777 688 1822 in
727 1773 890 1824 locum
934 1775 1007 1824 M.
1054 1774 1263 1833 Marcii,
1302 1775 1384 1840 qui
1422 1773 1621 1822 biennio

305 1842 413 1890 ante
457 1858 675 1892 mortuus
719 1858 834 1891 erat.
880 1844 991 1892 Hoc
1040 1844 1217 1892 eodem
1269 1860 1394 1890 anno
1446 1842 1498 1891 ὃς
1541 1842 1622 1889 lu-

305 1909 450 1959 strum
485 1913 737 1961 conditum
769 1911 836 1961 est
871 1930 896 1959 a
927 1912 1204 1960 censoribus
1238 1910 1291 1958 P.
1326 1910 1622 1976 bempronio

305 1978 587 2038 Tuditano,
621 1982 674 2030 ὅ(
706 1980 777 2030 Μ.
814 1978 1052 2031 Cornelio
1083 1978 1326 2045 Cethego.
1363 1976 1521 2026 Censa
1553 1980 1624 2026 ci-

303 2049 438 2095 vium
472 2052 625 2114 capita
653 2065 844 2098 centum
878 2052 1067 2116 triginta
1096 2048 1276 2115 septem
1303 2046 1481 2106 millia,
1511 2063 1625 2095 cen-

300 2129 402 2164 tum
424 2118 475 2166 &
491 2118 602 2166 ocio
624 2137 635 2178 3
656 2120 814 2168 minor
835 2117 915 2186 (8)
937 2120 1179 2185 aliquanto
1199 2133 1424 2165 numerus
1440 2152 1452 2174 ,
1476 2115 1620 2181 quam

302 2187 385 2253 qui
421 2201 531 2235 ante
563 2187 746 2236 bellum
779 2187 948 2238 fuerat.
985 2187 1062 2254 (9)
1103 2186 1175 2236 Eo
1211 2203 1337 2233 anno
1371 2185 1582 2251 primum
1606 2187 1633 2246 ,⁴

116 1883 290 1935 Lustrum

95 1949 230 1985 condi-

93 2018 192 2053 tum.

367 2333 393 2372 7
412 2318 599 2373 Hospites
611 2323 765 2376 eorum]
782 2321 930 2375 Hospi·
991 2319 1037 2360 sit
1053 2310 1189 2375 sen-sus
1204 2319 1353 2358 horum
1369 2318 1591 2358 verborum
1609 2347 1621 2367 ,

305 2381 367 2422 tio
396 2380 558 2435 junuos
585 2398 674 2423 cum
703 2382 928 2424 Maffilien-
993 2398 1041 2423 ex
1080 2397 1155 2437 quo
1185 2379 1424 2421 Annibalem
1455 2382 1495 2418 in
1532 2377 1622 2418 Ita-

304 2442 429 2484 fibus.
995 2445 1091 2484 liam
1133 2440 1292 2496 vemffet
1317 2474 1330 2490 ‚
1374 2456 1458 2482 non
1496 2439 1635 2481 facile-

368 2506 390 2545 8
416 2507 666 2561 Aliquanto]
696 2507 829 2560 Prope
863 2508 924 2548 di·
989 2507 1269 2562 intelligitur:
1297 2505 1361 2544 cui
1386 2501 1618 2544 difficultati

302 2568 444 2608 midio.
469 2569 573 2609 vide
593 2570 701 2623 Epir.
723 2571 746 2608 l.
768 2571 862 2610 XX.
989 2569 1261 2610 succurrimus
1305 2565 1616 2619 transponendo

367 2646 392 2685 9
426 2630 485 2670 Eo
517 2647 621 2671 anno
638 2633 802 2684 primaint
821 2661 831 2671 .
852 2660 863 2670 .
883 2661 893 2670 .
912 2663 923 2673 .
988 2632 1127 2685 priora
1156 2628 1277 2682 hujus
1302 2628 1343 2669 ὅ(
1375 2628 1616 2681 praeceden·

305 2693 516 2733 Comitium
544 2692 678 2733 tofi-m
711 2693 812 2750 effe]
839 2693 924 2747 Qui
987 2694 1038 2734 tis
1053 2691 1215 2748 periodi
1230 2692 1355 2732 verba
1372 2692 1451 2731 hoc
1467 2690 1614 2730 modo:
