1649 3104
344 121 695 178 LIBER
779 115 1076 176 XXIX.
1231 137 1337 194 341

44 216 221 287 (quod
257 235 500 286 nunquam
544 232 683 267 antea
717 214 891 265 fafium
927 214 1065 281 erat)
1113 213 1342 264 deferen-
1362 205 1553 271 U·S·543·

46 287 173 336 tibus
212 286 417 354 ipsarum
459 287 756 336 coloniarum
795 283 1098 343 censoribus,
1147 283 1341 332 censum
1362 262 1555 311 ³·(‘·²04‘

47 370 364 419 acceperunt,
425 370 512 412 ut,
569 355 801 421 quantum
842 369 1046 401 numero
1098 351 1343 410 militum,

50 425 279 488 quantum
325 422 529 488 pecunie
578 422 829 481 valerent,
874 421 921 467 in
962 418 1163 483 publicis
1202 419 1344 467 tabu-

46 486 102 538 lis
135 505 446 538 monumenta
478 488 729 539 exstarent.
763 488 989 555 Equitum
1020 486 1195 534 deinde
1229 504 1348 535 cen-

48 555 122 605 sus
159 560 233 624 agi
273 572 462 623 coeptus
503 556 611 617 est3
668 559 719 607 ὃς
767 555 910 604 ambo
951 554 1075 604 forte
1119 553 1343 603 censores

51 642 229 690 equum
264 626 508 691 publicum
548 624 800 673 habebant.
848 622 1021 689 Quum
1064 622 1124 670 ad
1163 622 1342 670 tribum

49 691 254 742 Polliam
287 708 489 741 ventum
528 691 594 740 est
618 728 631 750 ‚
677 694 724 739 in
767 709 859 757 qua
901 691 974 740 M.
1008 690 1129 739 Livii
1160 706 1339 739 nomen

52 775 187 820 erat,
226 761 275 809 ὃ(
312 777 473 824 praeco
517 758 812 808 cun&aretur
843 759 988 807 citare
1037 757 1188 824 ipsum
1220 775 1335 806 cen·
1360 797 1485 823 tarum

47 826 247 888 sorem3
289 829 421 886 cita,
454 828 606 894 inquit
656 826 793 875 Nero
814 863 827 884 ‚
862 828 933 873 M.
981 827 1162 874 Livium
1196 842 1207 872 :
1250 827 1302 879 ὃ(
1324 849 1554 887 :interem-

47 893 149 943 five
176 913 235 944 ex
260 893 443 942 residua
469 897 521 944 &
555 909 723 943 vetere
755 892 1018 952 simultate,
1042 892 1141 941 sive
1169 895 1479 961 intem-som,

46 961 232 1030 pestivzi
271 961 518 1025 jaci-<itione
556 961 814 1011 severitatis
847 962 1068 1021 inflatus,
1115 960 1344 1021 Livium,

48 1033 159 1097 quia
185 1030 350 1096 populi
382 1028 562 1091 judicio
589 1029 701 1078 esset
732 1029 981 1077 damnatus
1001 1064 1016 1086 ,
1056 1026 1132 1094 (2)
1163 1045 1345 1094 equum

47 1097 262 1146 vendere
291 1095 430 1162 juffit.
469 1097 594 1146 Item
632 1096 704 1146 M.
735 1096 932 1155 Livius,
966 1112 1115 1162 quum
1154 1095 1214 1144 ad
1249 1097 1343 1144 tri-

47 1164 162 1215 bum
210 1165 494 1214 Arniensem
558 1166 609 1214 &
660 1182 840 1214 nomen
898 1165 1097 1230 collegae
1142 1178 1345 1213 ventum

47 1232 149 1293 est,
184 1233 398 1282 vendere
427 1250 605 1298 equum
631 1230 697 1284 C.
735 1231 992 1280 Claudium
1028 1229 1152 1294 juffit
1175 1269 1188 1292 ‚
1227 1232 1347 1280 dua-

46 1318 152 1350 rum
185 1318 343 1349 rerum
376 1300 548 1360 cause&
579 1302 713 1349 unius
736 1336 750 1358 ‚
792 1300 922 1365 quod
962 1298 1128 1347 falsum
1169 1299 1345 1348 adver-s

50 1370 129 1418 sus
182 1367 228 1417 se
282 1366 611 1417 testimonium
663 1366 879 1426 dixisset3
936 1367 1158 1422 alterius,
1208 1366 1345 1433 quod

46 1453 148 1485 non
182 1434 362 1485 fincerfi
393 1434 490 1485 fide
523 1435 680 1484 secum
714 1436 760 1482 in
791 1435 987 1501 gratiam
1013 1432 1220 1482 redisset.
1252 1433 1347 1483 Ita-

50 1521 144 1570 que
187 1504 253 1552 ibi
301 1503 487 1552 foedum
533 1520 778 1552 certamen
829 1502 1105 1567 inquinandi
1168 1500 1348 1550 famam

51 1572 275 1629 alterius,
325 1589 432 1619 cum
481 1568 570 1620 suae
614 1570 752 1619 famae
799 1570 1011 1628 damno,
1054 1569 1226 1618 facium
1263 1568 1352 1619 est.

49 1637 190 1689 Exitu
210 1637 413 1688 censurae
433 1638 512 1706 (3)
535 1658 680 1706 quum
699 1641 744 1687 in
764 1639 892 1703 leges
910 1636 1097 1702 jurasset
1114 1636 1174 1687 C.
1197 1635 1351 1686 Clau·-

50 1707 187 1766 dius,
228 1708 280 1756 &
314 1708 361 1755 in
395 1710 608 1757 aerarium
654 1705 957 1764 escendiffet,
992 1708 1115 1755 inter
1151 1707 1351 1754 nomina

49 1792 219 1824 eorum
247 1773 323 1842 (4)
353 1793 474 1842 quos
504 1778 692 1823 aerarios
724 1775 1056 1840 relinquebat,
1092 1773 1226 1821 dedit
1248 1774 1349 1822 col-

49 1842 169 1909 legae
197 1859 395 1892 nomen.
430 1841 622 1891 Deinde
651 1842 722 1892 M.
751 1842 916 1890 Livius
945 1843 993 1889 in
1022 1842 1239 1890 aerarium
1268 1858 1352 1890 ve·

49 1912 121 1960 nit
143 1949 155 1967 ,
194 1912 272 1968 &,
308 1924 480 1977 praeter
512 1909 737 1959 Maeciam
774 1909 951 1958 tribum
974 1945 988 1968 ‚
1023 1926 1131 1975 quae
1169 1907 1217 1958 se
1253 1926 1345 1958 nec

48 1976 442 2036 condemnasset,
483 1996 642 2044 neque
685 1978 1060 2026 condemnatum
1111 1991 1191 2025 aut
1239 1994 1354 2025 con-

48 2044 199 2110 sulem
243 2060 321 2094 aut
369 2044 619 2095 censorem
664 2044 877 2105 fecisset,
921 2045 1157 2111 populum
1197 2044 1351 2097 Rom.

1424 663 1555 703 Certa·

1361 737 1444 762 men
1477 739 1499 762 η
1505 739 1550 763 0-

50 2159 225 2212 niarum]
244 2156 352 2198 Vide
371 2155 487 2209 supra
507 2170 543 2196 c.
569 2169 583 2198 1
597 2171 638 2209 5.
728 2155 1011 2211 Magistratum
1042 2156 1348 2211 deponentibus

103 2231 129 2260 2
144 2217 295 2271 Equum
310 2218 491 2270 vendere]
510 2217 667 2273 Equum
729 2217 867 2272 jurare
906 2232 995 2258 mos
1032 2229 1121 2258 erat
1158 2218 1199 2258 se
1243 2217 1348 2257 nihil

47 2281 282 2335 publicum,
309 2279 357 2318 ad
377 2292 496 2332 quem
523 2294 665 2321 ernen-
729 2288 874 2319 contra
904 2280 1020 2334 Leges
1051 2278 1207 2322 fecisse.
1246 2279 1349 2319 Ideo

48 2341 141 2384 dum
185 2340 456 2393 alendumque
489 2341 661 2394 pecunia
724 2340 1100 2393 dicebanturjurare
1118 2344 1158 2380 in
1180 2341 1299 2395 leges.

51 2417 74 2444 e
96 2402 260 2456 publico
289 2402 562 2455 praebebatur.
584 2403 666 2456 Qui
791 2416 820 2453 4
845 2400 959 2459 Quos
979 2406 1136 2443 cerarios
1150 2403 1347 2456 relinque-

51 2478 198 2519 equum
230 2463 412 2504 vendere
437 2478 459 2503 a
492 2465 665 2505 censore
728 2462 831 2519 bat]
873 2462 1022 2504 AErarii
1063 2473 1180 2505 erant
1213 2463 1246 2503 ii-
1277 2461 1348 2517 qui

47 2525 299 2582 jubebantur
315 2556 325 2575 ,
343 2524 422 2578 jam
439 2526 665 2579 equestrem
727 2539 803 2580 pro
817 2525 951 2578 capite
967 2524 1037 2566 suo
1052 2525 1195 2566 tributi
1211 2524 1344 2575 nomi-

51 2587 238 2630 ordinem
259 2586 515 2630 amittebant.
727 2601 780 2632 ne
800 2601 877 2632 aera
894 2587 1157 2642 pendebant,

114 2662 136 2705 3
159 2646 289 2706 Quum
304 2651 345 2688 in
361 2648 461 2705 leges
474 2647 664 2708 juraffet]
1012 2705 1049 2758 P

1085 2724 1131 2774 ιι]
