1649 3104
402 102 757 162 LIBER
840 101 1081 164 XXX.

88 197 261 261 berum
289 198 490 268 fingenti
509 238 523 262 ,
551 201 648 270 qu&
678 200 828 261 velit,
858 200 1015 250 fleffit.
1044 195 1142 267 (6)
1173 196 1386 250 Omina-

88 280 166 315 tur
191 305 208 326 ‚
248 270 419 334 quibus
463 269 707 338 quondam
755 267 970 335 auspiciis
1006 282 1167 335 patres
1215 285 1389 317 eorum

1273 118 1385 182 395

89 340 425 402 pugnaverint*
449 339 509 388 ad
528 336 726 405 AEgates
761 335 961 395 insulas,
999 353 1056 385 ea
1087 336 1180 383 illis
1212 353 1390 385 exeun-

90 402 219 452 tibus
259 406 307 453 in
356 408 508 456 aciem
554 402 845 473 portendiffe
883 405 1021 454 deos·
1057 401 1221 469 Adeffe
1248 404 1390 467 finem

94 471 228 529 belli,
262 491 317 521 ac
358 474 537 523 laboris.
578 474 631 522 In
676 474 876 522 manibus
924 470 1005 537 effe
1041 473 1239 537 praedam
1278 473 1390 521 Car-

91 540 287 606 thaginis
307 577 323 598 ,
355 544 535 591 reditum
564 544 734 590 domum
768 544 815 588 in
843 542 1038 607 patriam
1071 541 1134 587 ad
1152 554 1391 604 parentes,

90 606 250 655 liberos
271 647 288 667 ,
331 607 568 677 conjuges,
607 609 868 675 penatesque
906 610 1023 656 deos.
1067 604 1236 655 Celsus
1286 608 1389 656 haec

90 691 302 742 corpore
320 715 333 737 ,
362 678 596 744 vultuque
627 679 689 725 ita
715 677 824 726 laeto
843 713 858 738 ,
883 690 934 725 ut
964 673 1128 727 vicisse
1153 672 1252 740 jam
1282 692 1390 723 cre·

91 741 234 792 detes
259 782 274 803 ‚
317 744 526 794 dicebat.

1402 184 1516 241 U.e.5
1529 200 1597 242 50.

1401 246 1595 292 a.C‚202.

159 810 444 861 XXXIII.
481 810 671 862 Instruit
709 811 886 862 deinde
923 812 1106 879 primos
1145 808 1388 873 hastatos3
1443 826 1567 868 Acies

91 877 201 945 post
233 897 318 928 eos
340 916 355 938 ‚
395 881 633 948 principes
660 899 671 929 τ
695 882 864 930 triariis
908 878 1199 946 postremam
1238 881 1390 929 aciem
1407 888 1566 944 Scipio*

91 944 269 996 clausit.
293 947 387 1015 (7)
414 948 530 998 Non
565 948 803 999 confertas
834 963 996 997 autem
1030 948 1259 999 cohortes
1282 963 1391 999 ante
1408 953 1491 997 nis.

94 1085 269 1139 proinde
305 1085 463 1125 liberum
495 1086 666 1142 fingenti
699 1118 711 1138 ,

87 1146 214 1200 fleffit
233 1177 245 1194 ‚
280 1147 356 1200 quc?
384 1148 481 1187 velit
499 1165 514 1196 ,-
550 1149 589 1188 id
623 1149 678 1188 est
698 1179 712 1197 ,

93 1208 230 1261 quod,
261 1207 418 1263 fingens
439 1241 449 1260 ‚
478 1209 576 1251 falsa
602 1210 712 1250 veris

93 1268 317 1310 admiscens
340 1301 352 1320 ,
397 1268 532 1324 posset
581 1270 712 1312 libere

93 1329 262 1371 ssePcere
313 1331 354 1370 in
416 1346 714 1388 quamcumque

94 1402 254 1446 partem
268 1393 414 1434 vellet.
428 1394 598 1449 Vulgati
618 1409 716 1448 prae-

95 1453 356 1509 feruntflec‘li
373 1487 383 1506 ,
411 1456 641 1509 repetendo
664 1470 716 1497 ex

95 1517 428 1569 praecedentibus
457 1519 627 1559 verbum
656 1534 714 1559 re-

90 1576 258 1630 ferebat.

161 1640 186 1680 6
223 1639 437 1681 Ominatur
454 1670 464 1681 .
479 1672 489 1682 .
504 1673 515 1684 .
531 1675 541 1685 .
559 1656 717 1698 porten-

99 1700 192 1757 ‘fffss
210 1704 302 1742 deos
327 1706 344 1758 ]
375 1703 517 1760 Vulgi)
547 1707 717 1745 verbum

98 1766 267 1803 ominari
284 1765 419 1805 futura
440 1765 615 1820 speffiit,
635 1782 717 1807 non

98 1826 325 1878 praeterita.
347 1826 426 1867 Hic
452 1829 613 1868 videtur
634 1844 715 1868 non

98 1887 175 1927 alia
206 1887 286 1927 effe
308 1887 482 1942 potuisse
514 1905 632 1931 mens
652 1890 720 1930 Li-

96 1949 182 1996 vii,
212 1952 329 2003 quum
356 1960 400 1990 ut
427 1951 534 1991 dicat
552 1953 716 2006 Scipio-

11 2015 13 2019 '
52 2047 55 2050 .
101 2023 194 2051 nem
224 2011 352 2052 fausto
382 2014 519 2053 omine
550 2016 719 2069 erigen-

100 2081 184 2112 tem
216 2075 373 2114 animos
407 2076 577 2115 militum
597 2108 606 2126 ,
638 2075 721 2129 jus-

101 2132 185 2174 fiffe
227 2149 299 2175 eos
335 2135 497 2176 minime
534 2137 719 2179 dubitare

101 2196 200 2251 qu':n
222 2199 362 2237 eadem
384 2197 518 2239 Poenis
538 2200 662 2240 hodie
681 2201 722 2240 in

101 2259 231 2299 aciem
265 2261 510 2301 exeuntibus
545 2262 721 2315 auspicia

101 2320 154 2360 dii
175 2321 363 2361 dederint
383 2353 393 2372 ,
414 2337 500 2375 (μισεῖ
525 2324 621 2363 olim
643 2339 722 2376 pu-

102 2384 283 2438 gnaturis
320 2384 368 2423 ad
406 2383 577 2440 AEgates
614 2386 720 2426 insu-

105 2445 178 2485 las.

168 2521 193 2559 7
235 2507 324 2547 Non
364 2507 557 2560 confertas
594 2522 722 2549 autent

106 2569 318 2623 cohortes]
348 2570 442 2609 Non
465 2569 518 2609 ita
551 2569 723 2611 instrue..

104 2630 173 2671 bat
188 2631 388 2674 cohortes
403 2641 498 2674 ante
513 2631 579 2674 sua
594 2647 729 2688 quam-

776 1100 855 1141 que
875 1085 981 1142 signa
1001 1118 1011 1137 ,
1031 1095 1077 1127 ut
1095 1086 1305 1126 haererent
1324 1085 1399 1129 fibi

776 1149 951 1189 invicem
976 1148 1131 1188 densati
1157 1149 1350 1203 manipuli
1371 1162 1399 1189 e

778 1212 922 1264 quibus
958 1209 1165 1249 constabat
1198 1211 1350 1251 cohors
1386 1239 1402 1262 ,

779 1271 848 1311 sed
876 1271 931 1311 ita
950 1281 995 1311 ut
1014 1271 1072 1311 illi
1095 1272 1288 1325 manipuli
1319 1272 1400 1312 ali-

778 1341 969 1387 quantum
992 1333 1101 1373 inter
1125 1332 1166 1372 se
1193 1333 1403 1376 distarent.

779 1394 882 1434 Rem
913 1394 1058 1435 clarius
1089 1395 1240 1435 indicat
1269 1394 1400 1450 Poly-

778 1457 867 1497 bius
889 1488 900 1507 ,
932 1458 960 1497 Ι.
996 1457 1101 1497 XV.
1132 1458 1272 1511 Scipio
1294 1488 1304 1507 ,
1333 1459 1401 1497 in·

780 1519 866 1573 quit
887 1549 900 1565 ,
924 1516 983 1569 fic
1013 1520 1170 1558 ordines
1200 1521 1403 1572 copiarum

780 1580 973 1630 instruxit.
1013 1578 1187 1619 Primam
1227 1580 1401 1631 hastatos

781 1657 980 1695 eorumque
992 1641 1209 1696 manipulos·
1224 1642 1407 1696 aliquan-

781 1703 861 1742 nim
887 1707 989 1743 intssr
1003 1702 1049 1756 fi
1075 1703 1262 1753 distantes
1289 1719 1301 1744 :
1326 1706 1402 1744 lto-

780 1780 860 1806 rum
887 1781 910 1804 a
930 1777 1034 1820 tergo
1057 1768 1250 1819 principes
1281 1767 1402 1806 loca-

781 1831 841 1867 vit
856 1858 864 1872 ‚
883 1826 1022 1881 pofitis
1039 1842 1166 1866 eorum
1185 1830 1405 1882 manipulis

781 1904 859 1928 non
879 1905 924 1929 ex
943 1888 1101 1942 adversi>
1120 1890 1403 1943 vacuispatii,

782 1966 855 2005 quo
874 1950 1070 2000 distabant
1088 1953 1253 1990 invicem
1274 1951 1406 2001 kasta-

784 2025 908 2052 torum
940 2013 1161 2066 manipuli,
1183 2012 1290 2065 ficut*
1316 2028 1407 2053 mos

785 2075 837 2126 est
861 2074 1130 2114 Romanorum
1156 2105 1170 2125 ,
1194 2075 1268 2127 sed
1298 2076 1407 2114 alios

780 2136 868 2191 post
899 2137 1005 2177 alios
1038 2140 1081 2176 in
1117 2138 1248 2177 eadem
1267 2135 1369 2188 serie
1392 2166 1408 2187 β

787 2214 871 2238 cum
908 2199 1042 2253 aliquo
1080 2198 1306 2239 intervallo.
1344 2198 1408 2238 Ita

785 2260 910 2301 fiebat
931 2271 974 2300 ut
996 2275 1016 2300 a
1036 2260 1174 2301 fronte
1196 2260 1243 2300 ad
1264 2269 1410 2300 extre-

785 2337 887 2362 mam
909 2322 1037 2363 aciem
1059 2331 1250 2377 patentes
1277 2321 1318 2360 ὅ(
1342 2321 1408 2360 di-

786 2385 905 2424 reftae
920 2385 996 2424 viae
1013 2385 1289 2437 panderentur
1302 2414 1312 2432 ‚
1330 2395 1411 2435 per!

786 2461 882 2501 quas
902 2447 1051 2486 velites
1069 2478 1087 2494 ,γ
1102 2445 1128 2485 fi
1144 2448 1191 2485 ab
1212 2444 1409 2497 elephan-

785 2508 836 2548 tis
854 2508 1019 2547 nimium
1038 2517 1284 2562 urgerentur
1301 2539 1311 2556 ‚
1331 2520 1410 2560 po-

788 2569 838 2610 n‘e
870 2569 1097 2609 universum
1130 2571 1259 2609 aciem
1285 2567 1407 2618 refu-3

791 2646 889 2688 gere
917 2630 1094 2687 poss'ent.

1077 2705 1125 2755 R
1160 2705 1211 2773 vj.
