1649 3104
363 127 721 187 LIBER
802 125 1096 188 XXVI.

1304 140 1378 185 ’ῘῙ

74 225 299 295 equitatu
332 244 528 295 quoque
553 225 770 293 superior
807 225 883 291 (2)
915 225 1137 273 Romana
1161 239 1238 274 res
1274 223 1380 274 fuit.
1403 218 1596 271 U·C·54T·'

138 296 160 362 )
193 294 460 344 Institutum
481 333 496 353 ,
536 309 589 343 ut
617 294 789 342 velites
826 295 872 340 in
906 294 1177 358 legionibus
1214 290 1377 342 effent.
1401 287 1420 316 ‘7

71 296 339 415 §zelotem
363 364 579 428 peditum
616 363 765 428 equiti
805 360 1232 408 immiscendorum
1267 380 1377 410 cen·

72 433 316 482 tationem

145 566 209 616 V.

348 430 418 496 Q.
457 431 666 479 Navium
697 428 856 478 ferunt
888 446 903 488 3
947 429 1218 494 honorique
1246 430 1296 476 id
1334 431 1375 478 ei

67 499 207 566 apud
233 502 574 564 imperatorem
601 496 751 545 fuiffe.
909 550 913 553 Α

239 565 412 631 Quum
454 569 501 614 in
545 567 651 615 hoc
684 564 804 614 statu
847 563 906 613 ad
943 562 1162 630 Capuam
1197 581 1274 613 res
1310 563 1374 612 es·
1415 562 1596 605 Annibal

1427 274 1541 318 .C.21
1557 289 1594 321 1.

1446 347 1592 390 Velites

1393 415 1435 453 in
1470 412 1594 467 legio-

1398 473 1526 513 nibus.

74 633 218 694 sent,
255 635 545 683 Annibalem
564 633 642 699 (4)
680 631 920 681 diversum
949 632 1224 681 Tarentinae
1257 634 1377 680 arcis
1394 629 1447 666 ad
1478 627 1561 666 Ca-

74 703 323 770 potiundae
354 701 631 769 Capuaeque
654 702 917 750 retinendae
950 701 1197 750 trahebant
1219 718 1344 749 curae
1365 701 1528 750 [paam.

79 772 199 820 vicit
217 785 375 819 tamen
400 769 632 835 respeffilus
652 768 832 835 Capuae
857 807 872 831 ‚
910 771 957 817 in
986 781 1130 836 quam
1159 770 1380 818 omnium

75 836 322 889 sociorum
373 837 676 904 hostiumque
715 837 976 885 conversos
1030 838 1227 886 videbat
1278 840 1381 886 ani-

77 923 189 956 mos
213 924 229 967 3
263 905 341 973 (5)

376 907 669 955 documento
710 905 881 954 futurae
912 943 927 966 ‚
972 905 1381 972 qualemcumque

74 989 311 1025 eventum
341 973 548 1024 defectio
580 973 638 1023 ab
679 973 913 1023 Romanis
943 973 1192 1022 habuisset.
1230 973 1383 1039 Igitur

72 1043 254 1110 magna
297 1058 431 1110 parte
465 1043 928 1108 impedimentorum
961 1041 1125 1090 relicta
1160 1045 1207 1090 in
1240 1041 1384 1091 Brut-

72 1112 152 1160 tiis
175 1147 194 1168 ,
243 1110 297 1160 δε
337 1114 470 1160 omni
505 1112 727 1177 graviore
773 1125 955 1158 armatu
983 1148 999 1168 ,
1034 1128 1144 1159 cum
1187 1109 1385 1169 delectis

75 1179 295 1246 peditum
331 1182 644 1246 equitumque
667 1179 811 1246 quam
836 1192 1025 1244 poterat
1055 1177 1300 1244 aptiffimis
1321 1178 1385 1226 ad

76 1247 412 1298 maturandum
456 1251 545 1296 iter
582 1284 598 1304 ,
649 1250 697 1295 in
742 1245 1058 1311 Campaniam
1095 1247 1384 1295 contendit!

75 1314 225 1364 secuti
271 1330 430 1364 tamen
477 1330 573 1364 tam
618 1317 791 1381 raptim
827 1330 1021 1363 euntem
1060 1328 1157 1363 tres
1204 1316 1258 1364 &
1302 1316 1385 1362 tri-

77 1385 209 1450 ginta
258 1384 518 1450 elephanti.
567 1381 622 1432 In
660 1384 788 1432 valle
835 1383 1025 1431 occulta
1074 1381 1183 1449 post
1221 1381 1386 1431 Tifata

68 1466 292 1501 :montem
340 1454 672 1501 imminentem
714 1449 894 1518 Capuae
931 1448 1164 1500 consedit.
1206 1449 1384 1499 Adve-

73 1521 210 1568 niens
248 1538 394 1587 quum
450 1519 692 1569 castellum
735 1518 980 1570 Galatiam
1017 1557 1031 1580 ‚
1074 1516 1295 1585 praefidio
1330 1518 1386 1567 vi

73 1587 246 1654 pulso,
282 1587 511 1655 cepisset,
547 1589 596 1636 in
642 1588 1044 1638 circumsedentes
1081 1585 1301 1654 Capuam
1334 1584 1385 1636 se

136 1739 164 1767 2
184 1725 403 1781 Romana]
436 1728 497 1767 lta
526 1726 689 1767 codices

71 1789 242 1842 optimi,
261 1804 335 1842 pro
354 1790 520 1844 vulgato
536 1788 692 1828 Roma-

72 1864 128 1890 na
150 1865 271 1890 actes.

138 1925 160 1967 3
194 1911 416 1962 Institutum
436 1943 448 1960 ,
481 1925 526 1953 ut
555 1913 695 1953 velites

72 1975 116 2014 in
137 1973 355 2030 legionibus
381 1973 525 2028 effent]
558 1974 694 2015 Antea

69 2034 156 2090 jam
198 2037 239 2077 in
281 2037 528 2077 exercitibus
570 2037 693 2077 Rom.

71 2097 178 2139 levis
251 2110 463 2139 armaturae
541 2099 692 2139 milites

71 2168 192 2199 etant
212 2191 224 2210 ,
256 2170 301 2200 ut
331 2160 526 2215 sagittarii
556 2192 566 2211 ,
602 2161 695 2201 fun-

72 2220 231 2262 ditores
266 2253 278 2272 ,
325 2222 607 2275 jaculatores,
651 2222 696 2264 ὅ(

73 2282 107 2321 ii
135 2283 205 2337 qui
238 2283 319 2323 hoc
360 2284 455 2325 loco
505 2285 696 2325 dicuntur

63 2343 231 2388 -uslites.
260 2342 366 2385 Cum
384 2348 509 2401 igitur
526 2361 696 2402 genera-

71 2400 148 2446 tim
174 2406 327 2447 mentio
343 2406 388 2447 fit
403 2409 562 2453 velitum
582 2410 696 2462 prio-

72 2467 186 2508 ribus
199 2470 453 2521 temporibus
473 2501 483 2519 ,
510 2471 697 2525 intellige

71 2529 264 2570 omnibus
280 2532 489 2571 veteribus
508 2532 609 2572 levis
629 2546 696 2572 ar-

74 2599 241 2637 maturae
258 2592 451 2633 militibus
470 2607 699 2634 accommo-

75 2651 214 2696 datum
246 2652 327 2697 effe
366 2654 468 2697 illud
509 2669 661 2699 nomen
685 2687 699 2708 ,

754 1728 864 1782 quod
880 1736 1016 1768 tamen
1029 1726 1078 1767 iis
1096 1717 1268 1780 proprio
1288 1725 1389 1766 sen-

756 1791 800 1830 su
819 1804 903 1829 non
924 1790 1207 1842 competebat.

820 1866 848 1902 4
861 1849 1088 1904 Diversum.
1104 1882 1114 1891 .
1134 1881 1142 1891 .
1160 1848 1385 1901 trahebant}

756 1913 804 1953 In
819 1913 975 1953 diversa
992 1913 1237 1958 trahebant3
1259 1909 1389 1951 mod&

755 1976 836 2015 huc
857 2008 868 2026 ,
905 1973 1028 2015 modo
1067 1974 1164 2014 illuc
1211 1973 1386 2013 inclina-

755 2039 868 2078 bant.

775 2114 777 2117 ’
823 2113 842 2151 5
891 2098 1146 2138 Documento
1190 2094 1338 2149 futnrae
1371 2126 1386 2148 ,

756 2160 1068 2215 qualemcumque
1079 2161 1272 2213 eventum]
1288 2158 1389 2199 Pro-

756 2221 895 2277 pofitae
919 2223 959 2262 in
988 2223 1221 2275 exemplum
1241 2236 1286 2261 ac
1307 2222 1391 2260 do·-

759 2293 1024 2335 cumentum,
1065 2293 1111 2324 ut
1143 2298 1195 2323 ex
1231 2291 1388 2323 eventu

759 2361 881 2401 quem
899 2345 1201 2403 Campanorum
1225 2347 1273 2385 ab
1296 2343 1390 2390 Ro-

761 2409 886 2449 manis
923 2406 1102 2448 defec'tio
1145 2404 1344 2446 habuisset
1372 2434 1386 2455 ‚

762 2471 891 2511 ceteri
929 2484 1072 2510 omnes
1106 2467 1249 2521 populi
1278 2466 1389 2521 judi-

763 2542 905 2572 carent
935 2542 1025 2572 utra
1051 2530 1224 2571 societas
1245 2561 1257 2579 ,
1296 2527 1389 2568 Ro-

761 2606 1025 2635 manorumne
1063 2605 1112 2631 an
1137 2590 1351 2632 Annibalis
1388 2620 1405 2644 ,

761 2655 903 2713 potior
921 2653 1035 2696 esset.

1035 2709 1170 2778 Avj
