1649 3104
282 134 469 189 LIB
519 104 637 184 ER
719 121 1058 181 XXVH.
1226 39 1337 197 ιζ

31 231 268 283 ducebant
300 266 316 288 ‚
373 227 454 276 sed
514 221 871 292 promptiorem
944 223 1282 283 acrioremque
1317 255 1331 278 ‚
1364 216 1554 280 U.c.544.

30 301 173 369 quam
220 314 443 362 tempora
489 294 604 342 belli
657 285 953 355 postularent
994 323 1008 346 ,
1062 302 1141 334 aut
1186 286 1335 334 hostis
1362 270 1556 315 διάθρε-

35 367 245 418 Annibal
291 385 301 414 :
352 360 724 430 temperandum
771 372 879 402 acre
933 356 1034 419 ejus
1087 356 1333 419 ingenium

34 435 288 486 moderato
345 434 398 482 ὃς
444 430 669 498 prudenti
717 423 827 472 viro
873 421 1097 488 adjunclo
1148 421 1338 487 collega

39 501 307 554 censebant.

99 568 339 619 XXXIV.
376 567 447 614 M.
472 565 637 613 Livius
662 576 759 612 erat
786 559 863 626 (9)
888 558 1048 606 multis
1074 556 1179 604 ante
1208 556 1340 603 annis
1393 568 1456 609 Μ,
1488 569 1559 610 254

36 655 97 688 ex
137 636 382 686 consulatu
423 633 590 699 populi
632 630 811 694 judicio
852 628 1103 676 damnatus
1137 642 1147 673 ε
1195 635 1465 691 quantum,

0 758 1 763 ,
33 706 339 774 ignominiam
373 703 497 749 adeo
537 700 661 765 aegre
705 698 877 746 tulerat
909 731 925 755 ‚
961 708 1012 742 ut
1046 695 1098 743 ὃς
1139 710 1217 740 rus
1252 693 1343 739 mi-

36 789 224 842 graret,
252 774 303 821 &
337 787 422 836 per
452 767 631 816 multos
665 782 814 813 annos
853 765 906 812 &
935 762 1052 810 urbe
1075 798 1089 820 ‚
1121 761 1173 810 &
1207 760 1344 808 omni

36 857 166 891 coetu
213 854 394 888 careret
437 837 686 884 hominum
734 850 745 880 :
794 831 970 879 o&avo
1026 829 1181 877 ferme
1234 826 1342 894 post

34 909 390 958 damnationem
426 921 551 952 anno
595 901 668 950 M.
714 899 947 950 Claudius
986 896 1247 945 Marcellus
1293 896 1348 945 &

34 977 108 1027 M.
143 977 366 1025 Valerius
401 973 622 1021 Laevinus
653 968 872 1017 consules
905 966 1198 1014 reduxerant
1233 981 1346 1013 eum

33 1046 86 1094 in
121 1045 330 1103 urbem3
362 1041 442 1090 sed
486 1056 583 1088 erat
616 1036 749 1086 veste
785 1034 1037 1092 obsoleta,
1074 1031 1347 1098 capilloque

36 1114 92 1162 &
126 1111 274 1161 barba
305 1108 529 1176 promissa
561 1145 574 1165 ‚
611 1104 867 1171 praeferens
906 1105 952 1150 in
990 1101 1126 1149 vultu
1161 1101 1350 1148 habitu-

36 1198 132 1247 que
178 1179 409 1246 insignem
459 1175 745 1224 memoriam
790 1171 1068 1238 ignominiae
1120 1182 1349 1234 acceptae.

34 1247 92 1299 L.
131 1248 363 1297 Veturius
399 1245 452 1294 &
487 1243 539 1292 P.
576 1243 781 1290 Licinius
820 1238 1041 1287 censores
1079 1254 1191 1285 eum
1233 1251 1350 1284 ton-

35 1317 186 1374 deri,
226 1317 279 1366 &
316 1313 584 1381 squalorem
630 1310 878 1376 deponere
903 1345 918 1368 ‚
955 1307 1008 1356 &
1044 1306 1093 1352 in
1130 1304 1349 1354 senatum

33 1385 238 1444 venire,
272 1382 501 1448 fungique
536 1379 636 1427 aliis
673 1377 876 1444 publicis
914 1373 1195 1423 muneribus
1233 1389 1353 1421 coe-

35 1467 254 1521 gerunt:
294 1449 375 1499 sed
418 1465 519 1497 tum
563 1462 758 1513 quoque
804 1457 883 1493 aut
928 1441 1089 1492 verbo
1129 1439 1349 1490 assentie-

33 1521 175 1571 batur
193 1557 208 1581 ,
232 1533 313 1567 aut
338 1516 414 1584 (1)
438 1514 639 1582 pedibus
663 1518 711 1562 in
737 1512 1019 1561 sententiam
1037 1509 1135 1558 ibat
1161 1548 1172 1565 ‚
1194 1509 1354 1558 donec

33 1590 226 1656 cognati
260 1587 466 1636 hominis
510 1601 623 1633 eum
666 1580 803 1631 causa
847 1579 922 1628 M.
957 1578 1084 1627 Livii
1128 1576 1345 1634 Macati,

31 1675 181 1724 quum
205 1655 331 1704 fama
357 1653 457 1719 ejus
484 1666 704 1720 ageretur
729 1687 743 1706 ‚
777 1646 854 1713 (2)
876 1647 1087 1697 'stantem
1111 1647 1272 1712 coegit
1295 1647 1342 1693 in

31 1725 198 1774 senatu
231 1722 515 1772 sententiam
551 1721 728 1768 dicere.
761 1716 892 1765 Tum
926 1732 985 1762 ex
1018 1730 1154 1763 tanto
1190 1716 1340 1762 inter·

30 1794 164 1845 vallo
210 1792 395 1841 auditus
438 1790 680 1838 convertit
724 1803 810 1834 ora
858 1785 1113 1832 hominum
1154 1784 1203 1830 in
1247 1781 1294 1830 se
1321 1818 1338 1842 ,

30 1860 315 1926 causamque
355 1857 653 1908 sermonibus
696 1853 950 1922 praebuit,
995 1852 1175 1917 indigno
1219 1848 1338 1915 inju-

30 1932 142 1980 riam
167 1949 196 1977 a
214 1927 383 1995 populo
400 1923 569 1991 fhblam
588 1962 603 1983 ‚
631 1939 870 1991 magnoque
901 1920 953 1968 id
983 1921 1142 1967 damno
1165 1915 1300 1983 ffiff
1319 1953 1337 1974 ,

29 1998 149 2064 quod
173 2012 263 2045 tam
286 1996 417 2063 gravi
449 1994 560 2042 bello
589 2012 666 2041 nec
697 1989 832 2056 operci
856 2027 874 2047 ,
906 2005 984 2035 nec
1017 1986 1194 2052 confilio
1227 1986 1339 2033 talis

31 2067 120 2116 viri
159 2064 239 2129 ufiz
269 2062 512 2128 respublica
552 2061 664 2126 effit.
699 2062 743 2110 C.
776 2057 950 2107 Neroni
978 2073 1113 2121 neque
1143 2056 1211 2119 Q.
1244 2056 1335 2103 Fa-

31 2135 151 2182 bium
178 2167 194 2190 ,
235 2149 365 2196 neque
405 2133 477 2178 M.
519 2131 742 2178 Valerium
785 2125 1015 2175 Laevinum
1060 2124 1158 2188 ἅαῑὶ
1200 2122 1339 2169 colle·-

28 2219 112 2269 gas
143 2199 265 2266 poſjb
291 2235 307 2256 ,
337 2198 442 2264 quia
473 2199 584 2245 duos
607 2195 827 2264 patricios
861 2193 999 2241 creari
1036 2208 1122 2239 non
1152 2190 1299 2238 liceret
1321 2207 1336 2236 .-

90 2315 118 2358 9
135 2302 283 2344 Multis
294 2300 384 2342 ant&
396 2300 546 2354 annis]
568 2298 648 2340 Pri·
710 2298 954 2340 sententiam
1000 2299 1111 2339 suam
1151 2296 1334 2350 explica-

29 2368 98 2408 ino
125 2365 247 2418 hujus
278 2364 376 2405 belli
401 2376 527 2404 anno.
711 2370 806 2401 rent
832 2376 878 2401 ac
909 2370 1129 2401 tuerentur
1162 2360 1334 2398 senato-

97 2442 114 2471 1
148 2425 320 2468 Pedibus
352 2428 393 2464 in
410 2424 650 2478 sementiam
713 2436 809 2473 τες,
838 2422 986 2463 stantes
1015 2424 1239 2466 dicebant3
1272 2418 1338 2459 se-

32 2489 146 2544 ibat]
173 2490 283 2531 Vide
312 2487 446 2528 XXII.
475 2501 512 2527 c.
548 2485 620 2538 56.
713 2499 811 2536 cus,
829 2484 857 2524 fi
882 2483 1170 2525 assentirentur
1189 2483 1342 2531 verbo,

93 2566 119 2594 2
156 2552 335 2592 Stantem
448 2551 489 2588 in
503 2547 649 2601 senatu
710 2547 751 2587 id
785 2546 840 2586 est
860 2579 871 2597 ,
904 2546 931 2586 s1
961 2546 1148 2587 breviter
1176 2542 1219 2583 &
1252 2556 1341 2581 uno

23 2611 260 2668 sententiam
302 2614 425 2651 dicere
453 2613 470 2666 ]
520 2610 650 2650 Nimi-
710 2610 842 2649 verbo
874 2608 1131 2647 declararent
1159 2604 1201 2644 se
1238 2603 1341 2643 huie
1370 2616 1373 2618 ’

32 2690 122 2718 rum
137 2707 148 2728 ,
166 2689 288 2732 quum
308 2674 491 2730 pluribus
510 2672 651 2716 verbis
712 2670 852 2731 autilli
870 2668 1085 2712 sententiae
1109 2667 1344 2711 adhaerere„
