1649 3104
232 118 337 185 '446
542 116 820 172 INDEX
890 117 1219 173 RERUM.

237 207 404 249 Martiis
420 207 555 250 Idibus
569 209 816 265 magistratus
832 210 954 250 initus
968 242 979 261 ,
993 209 1103 249 XXX«
1118 207 1150 248 1.
1172 221 1185 248 i
1198 239 1208 258 ,
1222 205 1292 248 26.
1304 200 1480 248 XXVII.
1491 208 1541 261 73

236 269 445 325 Masaesyli
463 302 473 320 ,
493 272 622 311 altera
641 273 840 312 Numidiae
861 285 951 325 pars
969 304 980 321 ,
1003 269 1120 324 cujus
1144 284 1217 310 rex
1235 269 1312 309 fuit
1332 268 1502 324 Syphax
1519 288 1558 319 ,Α
1611 295 1616 299 v

300 332 382 372 XX
395 332 504 373 VIII.
533 346 600 384 1,7.
624 332 779 374 XXIX.
813 346 880 384 32.

237 389 439 433 Mafiniffa
455 425 466 445 ,
492 395 732 435 conciliatur
750 392 946 434 Romanis
965 426 975 439 ,
999 391 1202 433 XXVIII.
1233 391 1301 433 16.
1324 386 1558 437 Masiniffaeff

299 454 342 495 ὃ(
359 455 562 509 Scipionis
581 458 834 511 colloquium
851 485 861 504 ‚
887 468 907 509 3
920 469 958 507 5.
978 454 1058 495 fide
1079 454 1170 494 data
1188 453 1441 507 acceptaque
1461 449 1541 493 dis-

297 516 475 564 cedunt,
501 516 598 557 ibid.
1279 520 1285 524 “
1605 557 1610 560 .

359 580 546 633 queritur
587 578 692 630 apud
724 576 891 619 Laelium
925 577 1086 618 nimiam
1119 575 1324 630 Scipionis
1368 573 1544 616 οιιηξὶεῑ
1601 575 1603 578 ’

295 639 454 681 tionem
474 672 484 691 ‚
513 639 669 681 XXIX.
700 654 743 690 4.
770 640 929 680 accedit
953 640 1000 680 ad
1027 639 1261 692 Scipionem
1286 670 1295 687 ‚
1330 651 1400 694 29.
1424 633 1537 676 varii

294 701 462 743 fortuna
487 702 526 741 in
552 702 777 742 amittendo
806 702 1174 756 recuperandoque
1201 710 1376 754 paterno
1404 709 1537 753 regno

293 763 351 803 est
373 763 462 803 usus
482 793 494 810 ,
523 762 622 803 ibid.
643 763 752 815 capit
770 763 977 817 Thapsum
1002 764 1146 803 urbem
1165 792 1177 812 ,
1211 774 1279 810 30.
1301 762 1340 800 in
1360 773 1452 800 eum
1473 757 1540 799 sti-

293 826 471 866 mulatur
492 825 540 864 ab
568 825 794 865 Asdrubale
814 825 980 879 Syphax
997 858 1008 875 ,
1040 837 1060 878 3
1075 838 1088 865 1
1102 854 1112 865 .
1132 823 1309 864 vincitur
1337 818 1539 862 Masinissa

294 902 318 928 a
344 887 533 940 Syphace
555 918 565 936 ,
595 886 691 926 ibid.
719 887 905 941 profugit
936 887 976 927 in
1003 894 1185 926 montem
1213 885 1382 925 Balbum
1400 914 1412 934 ,
1438 881 1539 922 ibid.

292 948 482 989 Bocchar
502 948 677 988 mittitur
703 948 897 989 adversus
917 946 1158 988 Masinissam
1180 977 1191 996 ,
1215 959 1284 1002 32.
1314 946 1381 999 qui
1405 943 1541 984 vinci·

294 1018 361 1049 tur
377 1041 387 1059 ‚
409 1010 476 1050 sed
498 1011 801 1050 circumventus
823 1024 914 1050 cum
935 1009 1029 1050 solis
1049 1018 1225 1062 quatuor
1245 1007 1449 1061 equitibus
1470 1019 1543 1046 au-

294 1070 402 1126 fugit
419 1103 430 1121 ‚
455 1071 554 1112 ibid.
577 1071 696 1111 insilit
716 1072 755 1111 in
777 1073 943 1111 fluvium
962 1103 972 1121 ,
993 1071 1099 1111 unde
1120 1083 1208 1109 cum
1227 1069 1386 1109 duobus
1407 1080 1542 1108 emer-

296 1133 356 1188 git
372 1163 383 1179 ,
414 1132 509 1173 ibid.
530 1133 571 1172 in
592 1133 755 1173 occulta
779 1134 970 1186 spelunca
1000 1133 1146 1171 vulnus
1177 1139 1292 1171 curat
1311 1161 1323 1179 ,
1350 1128 1448 1170 ibid.
1468 1142 1541 1169 re-

294 1196 403 1249 petit
423 1209 593 1249 regnum
611 1226 623 1246 ,
642 1195 736 1234 ibid.
759 1195 929 1250 Syphax
948 1194 988 1233 in
1010 1208 1102 1233 eum
1122 1192 1337 1233 contendit
1362 1202 1540 1245 eumque

295 1257 425 1296 vincit
441 1288 451 1306 ,
482 1270 550 1311 33.
577 1270 667 1297 cum
687 1257 845 1296 modica
871 1270 989 1296 manu
1008 1253 1207 1295 Mafiniffa
1228 1254 1276 1294 ad
1300 1252 1540 1306 Scipionem

292 1318 439 1369 venit,
467 1318 566 1357 ibid.
591 1318 838 1359 Hannonem
864 1318 912 1357 ad
935 1331 1111 1371 pugnam
1139 1316 1280 1362 elicit,
1315 1327 1386 1369 34.

357 1379 559 1435 Syphacis
578 1380 700 1422 castra
717 1380 898 1420 incendit
913 1412 924 1431 ‚
938 1378 1083 1420 XXX.
1102 1393 1140 1431 5.
1159 1375 1354 1418 Masinissa
1370 1389 1542 1432 regnum

293 1452 517 1496 recuperat
533 1473 544 1491 ,
574 1456 588 1483 1
605 1456 642 1483 1.
665 1442 968 1496 Sophonisbam
988 1440 1186 1494 Syphacis
1207 1452 1379 1480 uxorem
1397 1438 1508 1478 ducit
1526 1468 1543 1491 ‚

300 1516 370 1545 12.
393 1505 445 1544 ob
465 1504 738 1558 Sophonisbae
756 1504 917 1557 nuptias
939 1516 962 1544 a
979 1502 1171 1556 Scipione
1194 1500 1542 1555 reprehenditur,

303 1576 356 1616 14
411 1564 501 1619 ejus
521 1566 706 1606 anxietas
728 1597 738 1616 ‚
771 1578 837 1618 15.
855 1579 1059 1606 venenum
1079 1565 1121 1604 in
1139 1565 1291 1618 poculo
1313 1561 1361 1603 ad
1378 1561 1544 1615 Sopho-

297 1627 455 1667 nisbam
485 1627 640 1677 mittit,
672 1627 767 1668 ibid.
799 1626 1045 1681 amplissimis
1077 1625 1195 1666 donis
1223 1641 1245 1666 a
1274 1623 1317 1665 Ρ.
1346 1623 1542 1677 Scipione

297 1688 475 1729 donatur
492 1722 502 1739 ‚
525 1689 622 1729 ibid.
644 1689 732 1742 ejus
751 1690 875 1745 legati
893 1689 934 1728 in
954 1689 1134 1728 senatum
1151 1687 1272 1728 Rom.
1295 1684 1514 1726 introduf‘ci
1529 1715 1543 1737 ‚

304 1763 374 1802 17.
392 1750 633 1791 Masmiffam
654 1750 769 1792 Cirta
790 1751 945 1806 oppido
971 1749 1209 1803 caeterisque
1232 1748 1392 1802 oppidis
1418 1745 1544 1803 agris-

298 1826 379 1866 que
403 1813 452 1853 ad
476 1826 644 1868 regnum
668 1818 884 1868 paternum
905 1812 1070 1865 adjeffis
1096 1812 1222 1852 donat
1238 1810 1377 1864 Scipio
1395 1841 1407 1860 ‚
1435 1822 1512 1861 44.

234 1867 407 1917 Maffiva
438 1874 612 1915 Numida
633 1906 645 1923 ,
679 1890 783 1929 puer
810 1875 943 1915 forma
967 1873 1110 1929 insigni
1140 1873 1182 1914 ὅ(
1211 1873 1313 1927 regii
1346 1871 1508 1927 generis
1529 1900 1546 1924 ,

299 1937 459 1990 capitur
483 1938 524 1977 in
547 1936 700 1991 proelio
724 1970 733 1988 ,
759 1936 939 1978 XXVII.
968 1950 1033 1992 ¹9·
1063 1935 1280 1976 dimittitur
1303 1949 1324 1973 a
1345 1933 1544 1987 Scipione

299 1998 348 2036 ad
365 1997 606 2039 Mafiniffam
625 2002 867 2040 avunculum
886 2013 976 2040 cum
995 1997 1112 2039 donis
1133 2029 1146 2049 ‚
1171 1996 1224 2038 ib.
1243 1995 1447 2037 XXVIII.
1469 2008 1542 2050 35.

235 2056 379 2101 Mater
405 2059 524 2100 deum
543 2091 554 2110 ‚
580 2062 681 2114 lapis
710 2062 869 2116 quidam
898 2061 1009 2101 sacer
1032 2061 1072 2100 in
1094 2061 1195 2100 urbe
1216 2057 1405 2112 Phrygiae
1419 2055 1544 2096 Peffi-

298 2131 427 2162 nunte
448 2153 458 2171 ,
486 2122 643 2163 XXIX.
675 2136 692 2164 1
708 2138 744 2165 1.
771 2139 852 2178 quo
879 2124 1042 2164 honore
1070 2136 1093 2163 a
1116 2121 1311 2162 Romanis
1335 2126 1504 2173 accepta
1523 2148 1540 2172 ,

304 2197 373 2230 14.
401 2184 481 2223 ludi
508 2185 548 2223 in
574 2184 663 2238 ejus
687 2186 905 2225 honorem.
937 2184 1031 2225 Vid.
1060 2181 1298 2239 Megalesia.

238 2243 389 2286 Matris
403 2260 557 2301 magnae
573 2247 677 2286 aedes
691 2247 731 2286 in
744 2246 900 2287 Palatio
915 2245 1095 2286 facienda
1111 2246 1284 2286 locatur.
1297 2241 1454 2283 XXIX.
1467 2253 1541 2297 37.

234 2305 385 2348 Matris
408 2307 582 2347 Matutae
601 2308 707 2348 aedes
727 2309 870 2350 Satrici
893 2341 904 2359 ,
933 2306 1133 2350 XXVIII.
1167 2320 1181 2348 1
1198 2320 1235 2348 1.
1255 2306 1305 2345 de
1326 2305 1436 2347 coelo
1454 2313 1543 2344 tan-

303 2368 437 2423 gitur,
468 2369 568 2410 ibid.

237 2429 287 2473 P.
307 2430 518 2470 Matienus
535 2463 544 2480 ‚
572 2431 668 2473 trib.
695 2431 786 2475 mil.
808 2430 965 2475 XXIX.
987 2430 1037 2472 6.
1055 2444 1078 2471 a
1095 2428 1297 2471 Pleminio
1318 2427 1446 2485 virgis
1467 2441 1543 2469 cae-

302 2491 365 2531 sus
393 2491 668 2540 interficitur,
701 2507 743 2548 9.

237 2553 444 2596 Matronae
474 2554 663 2594 dedicant
689 2553 840 2597 Junoni
867 2554 1017 2609 pelvim
1042 2567 1205 2595 auream
1224 2585 1234 2604 ‚
1266 2551 1442 2602 XXVII.
1469 2562 1541 2603 37.

298 2627 376 2716 ger
406 2616 539 2656 omnia
570 2617 740 2660 delubra
767 2631 880 2675 vagae
914 2616 1124 2673 suppliciis
1153 2615 1345 2673 votisque
1368 2613 1541 2673 fatigant

331 2688 402 2718 eos
423 2709 434 2730 ‚
473 2688 546 2732 50.
