1649 3104
310 116 664 173 LIBER
747 111 1080 168 XXVII.
1157 89 1352 190 '151'

48 216 201 267 altero
243 214 476 265 fecerunt.
525 211 695 277 Itaque
738 209 790 258 &
844 209 915 274 Q.
957 209 1159 258 Fabium
1200 206 1353 257 filium
1375 204 1564 270 [kg-5422·

49 280 109 334 ad
144 286 406 334 exercitum
451 278 712 330 Venusiam
744 275 999 336 miserunt3
1041 278 1093 326 ὅ(
1135 276 1194 323 ad
1233 294 1356 324 con-
1373 263 1565 308 ²13³&-

50 351 199 402 sulem
229 369 324 402 tres
356 351 498 417 legati
528 346 649 397 miffi
669 383 684 406 ‚
724 343 858 395 Sext.
892 345 1041 395 Julius
1075 341 1261 399 Caesar,
1295 343 1354 394 L.

50 420 254 470 Licinius
287 420 473 478 Pollio,
515 417 568 466 L.
609 412 803 465 Cincius
847 411 1122 461 Alimentus
1148 448 1163 467 ‚
1205 429 1353 476 quum

48 490 210 556 paucis
243 488 349 536 ante
393 487 560 535 diebus
597 501 657 533 ex
688 481 848 530 Sicilia
881 478 1086 529 redisset.
1129 478 1197 525 Hi
1234 496 1355 526 nun-

48 558 174 605 ciare
216 555 397 605 consuli
434 553 538 619 juffi
567 592 581 613 ‚
624 567 675 601 ut
710 550 744 598 fi
781 550 840 598 ad
877 550 1073 598 comitia
1108 544 1207 612 ipse
1248 546 1356 595 Ro-

47 643 174 674 mam
203 627 370 674 venire
394 641 491 672 non
523 619 675 687 posset
695 658 709 679 ‚
736 618 1018 667 dietato'rem
1051 615 1130 681 (8)
1156 616 1205 662 in
1234 632 1352 681 agro

15 692 270 742 =Romano
312 693 492 741 diceret
535 691 846 738 comitiorum
890 685 1050 734 causa.
1096 681 1144 731 Si
1188 681 1354 732 consul

43 760 310 810 Tarentum
348 758 591 826 profeeius
627 755 778 814 esset,
814 753 884 819 Q.
924 751 1184 802 Claudium
1224 769 1354 817 prae-

43 844 200 878 torem
237 829 426 896 placere
461 829 508 875 in
543 843 648 875 eam
681 826 930 891 regionem
968 821 1080 870 inde
1108 819 1351 868 abducere

43 898 284 965 legiones,
324 898 373 944 in
406 913 496 962 qua
527 895 753 961 plurimas
788 891 1029 940 sociorum
1064 888 1207 936 urbes
1235 902 1350 936 tue·-

39 969 80 1016 ri
111 964 280 1033 posset.
310 964 493 1014 Eadem
523 961 681 1011 gestate
708 960 779 1009 M.
814 959 1033 1008 Valerius
1069 971 1180 1004 cum
1208 954 1345 1004 claffe
1425 979 1565 1034 Claffis

39 1049 235 1084 centum
282 1035 478 1081 navium
531 1049 591 1080 ex
635 1028 791 1077 Sicilia
836 1030 883 1076 in
930 1026 1147 1076 Africam
1199 1023 1345 1072 trans·
1366 1043 1551 1084 Romana

41 1102 167 1152 misit
188 1120 203 1162 3
229 1102 281 1153 &
308 1101 369 1150 ad
401 1099 637 1165 Clupeam
661 1101 831 1146 urbem
866 1093 1171 1145 exscenfione
1193 1092 1311 1142 faeta
1327 1129 1341 1153 ,
1359 1108 1535 1162 popula-

39 1188 205 1239 agrurn
242 1170 333 1218 late
353 1206 370 1227 ,
406 1169 538 1217 nullo
573 1167 725 1216 ferme
754 1167 908 1215 obvio
937 1177 1121 1211 armato
1140 1200 1154 1222 ‚
1189 1160 1343 1210 vasta·
1366 1182 1443 1212 zur.

39 1240 149 1289 bat:
188 1238 298 1287 inde
330 1239 389 1285 ad
415 1253 563 1286 naves
597 1238 769 1300 raptim
793 1233 1090 1300 praedatores
1127 1232 1345 1297 recepti,

40 1310 151 1375 quia
200 1306 399 1372 repente
444 1304 570 1353 fama
609 1304 830 1363 accidit,
887 1299 1074 1350 claffem
1122 1298 1351 1347 Punicam

41 1376 303 1426 adventare
327 1373 605 1440 2-0&0ginta
634 1387 767 1420 erant
802 1373 855 1421 &
883 1384 977 1418 tres
1012 1384 1180 1417 naves,
1220 1365 1350 1415 Cum

38 1445 94 1492 iis
138 1444 266 1491 haud
308 1443 477 1507 procul
523 1439 710 1505 Clupea
763 1437 990 1505 prospere
1031 1448 1212 1502 pugnat
1248 1434 1349 1483 Ro-

36 1528 241 1562 manus:
276 1510 448 1559 decem
483 1510 534 1559 &
570 1508 679 1557 οὲἶο
717 1507 919 1556 navibus
956 1506 1106 1570 captis
1128 1540 1142 1562 ‚
1176 1502 1348 1570 fugatis

33 1580 138 1628 aliis
156 1615 171 1637 ‚
207 1596 318 1629 cum
346 1594 517 1645 magna
545 1574 756 1626 terrestri
783 1575 1039 1642 navalique
1069 1571 1235 1639 praeda
1266 1570 1348 1620 Li-

34 1647 251 1715 lybaeum
280 1646 437 1695 rediit.

103 1715 267 1765 XXX.
299 1714 483 1763 Eadem
514 1712 672 1762 aestate
710 1713 762 1761 δε
791 1711 1042 1777 Philippus
1070 1707 1341 1775 imploran-

36 1784 163 1833 tibus
187 1783 380 1833 Achaeis
408 1783 637 1831 auxilium
658 1782 764 1829 tulit
783 1799 796 1841 3
816 1797 938 1846 quos
964 1781 1016 1829 ὃ(
1046 1778 1122 1844 (9)
1151 1778 1344 1827 Macha-

34 1853 167 1901 nidas
207 1868 439 1918 tyrannus
473 1850 954 1899 Lacedaemoniorum
995 1846 1202 1896 finitimo
1243 1846 1346 1895 bet-

36 1921 85 1969 lo
117 1921 311 1980 urebat,
350 1921 401 1970 ὅ(
434 1919 584 1968 AEtoli
614 1919 817 1967 navibus
847 1934 933 1983 per
963 1916 1139 1964 fretum
1160 1951 1175 1974 ‚
1208 1915 1344 1981 quod

35 1988 334 2055 Naupae‘him
379 1989 431 2037 &
482 1987 638 2035 Patras
670 1986 895 2035 interfluit
934 1984 1134 2050 (Rhion
1167 1984 1341 2033 incolae

31 2056 244 2121 vocant)
301 2057 515 2104 exercitu
567 2054 804 2119 traje&o‚
858 2054 1142 2119 depopulati
1187 2066 1339 2100 erant.

33 2124 247 2173 Attalum
279 2141 474 2191 quoque
504 2141 669 2191 regem
701 2123 856 2180 Afiae3
892 2124 999 2188 quia
1028 2122 1181 2171 AEtoli
1214 2121 1335 2170 sum·
1416 2135 1558 2177 AEtoli

31 2210 163 2241 mum
201 2195 350 2259 gentis
390 2191 480 2240 suae
511 2191 831 2258 magistratum
867 2192 925 2239 ad
961 2209 1072 2240 eum
1107 2192 1332 2258 proximo
1355 2195 1554 2253 aPln'lip-

31 2262 240 2310 concilio
271 2261 573 2319 detulerant,
609 2259 734 2309 fama
762 2274 860 2308 erat
893 2261 940 2306 in
967 2259 1214 2325 Europam
1245 2273 1404 2313 tra-Po
1423 2260 1534 2306 νίἒῖἱ.

29 2327 280 2394 ᾗεξὶυτιπη.
327 2327 409 2377 Ob
451 2330 550 2377 haec
588 2329 811 2395 Philippo
857 2330 905 2375 in
954 2325 1192 2376 Graeciam
1237 2326 1338 2375 des-

31 2397 288 2458 cendenti,
322 2397 382 2446 ad
408 2396 621 2447 Lamiam
660 2399 830 2447 urbem
863 2396 1015 2445 AEtoli
1055 2397 1179 2446 duce
1215 2393 1338 2462 Pyr-

1364 1686 1446 1731 Res
1462 1688 1564 1732 Gra:-

1365 1756 1449 1795 cire.

94 2535 118 2577 8
154 2535 203 2576 Ῑη
231 2551 323 2592 agro
353 2535 576 2591 Romano]
608 2536 653 2576 In
782 2551 806 2591 9
836 2535 1106 2575 Machanidas
1147 2545 1338 2588 tyrannus

34 2608 137 2667 agro·
160 2599 228 2653 qui
248 2598 349 2640 esset
373 2597 569 2640 Romanae
597 2599 655 2641 di-
718 2596 1100 2637 Laccdaemoniorum
1129 2596 1148 2649 ]
1224 2595 1337 2640 Vide

38 2665 180 2704 noxus.
719 2659 920 2702 XXXLV.
941 2657 1013 2698 26.
1035 2656 1154 2699 infra.

935 2715 1072 2767 Giv
