1649 3104
299 89 1074 180 L1vBER‘XXVII.
1227 130 1334 170 101

43 218 212 287 pit‘f'tam
245 237 353 269 cum
393 216 599 266 amiculo
636 231 896 280 purpureo.
935 211 1091 260 Multa
1113 210 1169 260 ea
1204 205 1551 271 aesta-U·{·542-

42 303 92 336 te
114 325 127 345 ‚
162 289 253 354 qua
292 289 391 335 haec
420 281 662 332 factasunt
686 318 699 340 ‚
738 297 795 328 ex
836 281 1120 345 propinquis
1147 280 1344 329 urbibus

41 353 254 421 agrisque
289 355 507 402 nunciata
532 349 632 398 sunt
660 347 879 415 prodigia
909 364 923 405 ;
955 345 1151 394 Tusculi
1169 364 1344 412 agnum

44 440 155 470 cum
197 423 340 470 ubere
376 419 563 468 laetenti
600 432 762 465 natum
797 432 807 462 :
838 413 973 463 Jovis
1001 414 1116 461 aedis
1148 415 1343 463 culmen

41 488 242 538 fulmine
270 489 444 547 ictum,
483 505 534 534 ac
568 501 720 550 prope
752 485 884 530 omni
910 480 1037 529 tecio
1075 480 1338 531 nudatum:

37 556 207 605 iisdem
243 557 392 606 ferme
414 553 858 617 diebuS‚Agnaniae
888 565 1062 597 terram
1095 564 1202 596 ante
1231 567 1345 614 por-

41 639 140 674 tam
173 625 309 673 ieram
331 661 345 682 ‚
378 624 506 672 diem
541 639 592 668 ac
624 619 812 667 noctem
836 617 933 665 fine
974 616 1070 664 ullo
1107 618 1228 683 ignis
1261 617 1343 664 ali-

42 711 212 742 mento
239 691 388 740 arfisse
420 692 503 739 t&
536 706 678 747 aves,
711 687 770 734 ad
789 684 864 750 (6)
898 684 1182 749 Compitum
1209 684 1343 732 Ana-

40 763 272 827 gninum,
299 762 343 806 in
378 759 486 806 luco
524 755 694 803 Dianae
731 755 868 801 nidos
904 755 949 800 in
989 753 1238 799 arboribus
1262 769 1343 800 re·-

40 827 223 894 liquisse
251 847 261 876 :
292 826 565 874 Tarracinae
598 826 644 869 in
675 824 790 870 mari
832 821 954 869 haud
992 819 1159 886 procul
1194 835 1341 885 portu

34 913 213 962 angues
237 893 570 960 magnitudinis
589 892 719 938 mirae
741 928 752 947 ‚
768 887 1111 937 lascivientium
1138 888 1334 953 piscium

39 964 191 1012 modo
241 960 483 1010 exsultaffe
519 978 530 1007 t
565 958 838 1024 Tarquiniis
871 974 1073 1023 porcum
1103 974 1211 1004 cum
1248 973 1336 1004 ore

37 1033 248 1080 humano
280 1031 490 1096 genitum
513 1064 526 1085 ‚
568 1029 619 1076 ὃ(
645 1029 691 1073 in
725 1042 838 1087 agro
874 1023 1118 1088 Capenate
1145 1062 1157 1081 ,
1180 1024 1238 1071 ad
1267 1024 1339 1071 lu-

39 1117 151 1147 cum
199 1098 451 1155 Feroniae,
493 1110 696 1161 quatuor
742 1093 871 1152 signa
919 1092 1140 1158 sanguine
1181 1092 1338 1140 multo

39 1168 170 1215 diem
208 1185 261 1214 ac
304 1163 493 1213 no&em
524 1161 715 1210 sudasse.
754 1160 873 1208 Haec
912 1161 1132 1225 prodigia
1173 1157 1340 1207 hostiis

38 1232 297 1298 majoribus
342 1246 593 1300 procurata
638 1230 837 1277 decreto
893 1226 1176 1295 pontificum
1219 1245 1232 1287 3
1284 1228 1340 1276 &L

37 1302 319 1368 supplicatio
360 1302 488 1348 diem
527 1316 673 1346 unum
720 1298 891 1345 Romae
935 1296 994 1343 ad
1032 1297 1195 1343 omnia
1230 1294 1341 1359 pul-

36 1372 218 1419 vinaria
240 1407 252 1429 ‚
287 1370 486 1417 alterum
528 1369 576 1414 in
617 1365 867 1432 Capenate
903 1381 1016 1430 agro
1038 1402 1053 1424 ,
1092 1364 1152 1412 ad
1188 1363 1340 1411 Fero-

34 1441 125 1487 niae
162 1438 354 1494 lucum,
388 1434 572 1483 indista.

106 1505 169 1554 V.
199 1505 268 1554 M.
306 1505 525 1552 Valerius
558 1500 720 1551 consul
754 1501 923 1550 litteris
944 1502 1177 1559 excitus,
1219 1517 1331 1566 pro·

1357 274 1375 302 a
1387 265 1550 308 ,κακὴ

1366 1503 1410 1547 V
1405 1507 1550 1546 alwine

33 1575 193 1622 vincia
243 1575 549 1636 exercituque
596 1571 820 1618 mandato
870 1568 1043 1618 Cincio
1090 1571 1282 1634 praetori
1315 1568 1535 1627 ‚CofiRo-

34 1640 109 1690 M.
140 1641 334 1689 Valerio
367 1639 564 1688 Meffala
596 1637 820 1705 praefeRO
849 1635 996 1684 claffis
1016 1673 1034 1694 ,
1057 1654 1165 1685 cum
1199 1650 1330 1701 parte
1350 1645 1451 1701 ⁷⁷²f³²⁷¹
1470 1645 1528 1670 '⁴⁴³‘

32 1712 226 1756 navium
266 1711 312 1756 in
357 1708 571 1756 Africam
602 1745 613 1761 ,
643 1706 905 1772 praedatum
950 1703 1086 1752 fimul
1120 1704 1331 1769 specula·
1350 1696 1424 1733 (ἴω

33 1791 234 1843 tumque
272 1815 283 1831 ‚
321 1794 425 1842 quae
479 1777 684 1839 populus
727 1771 1125 1837 Carthaginiensis
1173 1786 1337 1839 ageret

38 1861 319 1910 pararetque
340 1882 354 1902 ‚
384 1842 547 1899 miffo.,
575 1841 670 1907 ipse
699 1842 869 1889 decem
903 1840 1104 1887 navibus
1128 1839 1338 1889 Romam

35 1911 273 1978 profectus
313 1929 460 1978 quum
495 1908 721 1976 prospere
762 1907 1082 1974 perveniffet,
1120 1905 1338 1957 senatum

36 1979 282 2045 extemplo
317 1980 490 2027 habuit.
527 1977 597 2025 Ibi
638 1979 696 2024 de
736 1976 826 2024 suis
863 1977 1004 2024 rebus
1035 1973 1176 2042 gestis
1205 1994 1341 2025 com-

37 2050 343 2096 memoravit.
385 2049 535 2110 Quum
563 2044 637 2112 (7)
665 2064 814 2093 annos
842 2063 975 2111 prope
1006 2044 1251 2109 sexaginta
1287 2047 1338 2094 in

37 2118 202 2171 Sicilia
231 2116 340 2162 terni
375 2117 570 2178 marique
593 2110 708 2178 salpe
739 2116 914 2178 magnis
953 2113 1164 2160 cladibus
1192 2113 1339 2160 bella·-

38 2198 130 2231 tum
159 2182 278 2245 effit,
302 2181 351 2244 se
378 2201 473 2230 eam
506 2181 584 2246 (8)
610 2183 891 2246 provinciam
933 2179 1163 2245 confecisti?
1204 2200 1216 2227 .·
1254 2199 1338 2228 ne-

36 2253 196 2298 minem
233 2249 631 2314 Carthaginiensem
673 2253 719 2297 in
755 2249 922 2296 Sicilia
967 2249 1043 2312 effe
1075 2268 1088 2297 .·
1121 2250 1339 2296 neminem

33 2319 241 2366 Siculum
260 2355 273 2376 ‚
298 2321 373 2382 qui
396 2334 510 2365 metu
544 2320 646 2364 inde
661 2316 822 2383 ficgati
856 2314 1082 2380 afuerint,
1105 2336 1195 2364 non
1221 2313 1298 2379 c-ſje
1317 2332 1332 2363 .·

95 2419 120 2460 6
136 2422 350 2473 Compitum
368 2419 646 2474 Anagninum]
713 2420 895 2460 Abanno
910 2421 1094 2460 nimirum
1119 2435 1156 2458 u.
1173 2434 1207 2457 c.
1229 2420 1283 2469 48
1294 2419 1337 2461 8.

29 2481 125 2522 Hoc
145 2495 295 2521 nomen
315 2479 392 2519 effe
410 2482 571 2521 videtur
592 2482 649 2520 lo-
713 2498 733 2522 a
769 2497 849 2535 quo
880 2483 944 2521 hic
980 2480 1332 2535 quinquagefimus
1402 2508 1408 2512 -

19 2543 90 2592 'ci,
106 2543 151 2583 id>
164 2542 217 2581 est
234 2574 244 2592 ,
258 2543 338 2583 vici
354 2542 523 2596 alicujus
542 2575 552 2594 ‚
569 2542 647 2582 sive
711 2546 876 2598 quintus
902 2558 1025 2582 annus
1057 2544 1202 2595 agitur.

12 2639 15 2645 s
33 2604 230 2658 oppiduli.
774 2606 796 2643 8
819 2604 1068 2643 Prov'xcfam
1089 2601 1326 2658 co-fizclffi]

93 2680 118 2719 7
133 2664 273 2706 Annos
284 2679 402 2721 prope
409 2665 643 2725 sexaginta]
709 2666 817 2711 Vide
850 2667 876 2705 1.
905 2666 980 2704 XX
1001 2666 1021 2701 s
1030 2665 1059 2703 1.
1089 2679 1111 2705 ς.
1124 2678 1138 2706 1
1150 2693 1160 2705 .

926 2723 968 2772 E
1004 2722 1051 2789 iij
