1649 3104
338 98 386 158 L
427 115 451 156 1
494 113 529 154 B
576 115 610 155 E
654 114 694 154 R
781 97 1039 158 XXVI.
1258 95 1333 174 89

37 196 140 262 puli
171 197 302 244 Rom.
324 198 591 262 *potestatem
624 232 639 255 ,
688 197 766 261 qui
795 197 1006 260 beneficio
1046 191 1180 260 qna'm
1220 208 1337 243 metu
1361 183 1556 281 Ucasi&

44 264 238 328 obligare
261 266 460 312 homines
491 265 654 322 malit;
685 262 940 329 exterasque
972 278 1123 328 gentes
1149 264 1246 325 fide
1281 279 1336 310 ac
1351 251 1397 282 Β·
1441 249 1478 282 '²
1541 262 1556 277 ’

35 330 250 395 societate
277 330 459 394 junblas
489 334 677 389 habere,
716 332 847 397 qua'm
876 332 982 396 tristi
1007 329 1231 395 subjeflas
1244 330 1340 391 ser-

46 399 176 447 vitio.
215 397 445 458 Deinde,
483 401 691 465 acceptis
726 399 1001 447 nominibus
1043 399 1290 445 civitatum
1324 432 1339 456 ‚

45 463 275 514 recensuit
297 469 515 533 captivos
537 505 550 526 ‚
582 481 700 533 quot
722 465 946 534 cujusque
971 464 1141 532 populi
1157 462 1338 522 effent3

45 533 98 581 &
125 535 324 583 nuncios
361 536 559 583 domurn
590 533 713 582 mifit
745 572 760 595 ‚
796 549 847 582 ut
882 534 942 582 ad
994 532 1100 581 suos
1142 530 1337 598 quisque

45 602 350 666 recipiendos
383 605 587 651 veniret.
623 600 670 650 Si
699 619 895 668 quarum
936 600 1060 650 forte
1092 601 1341 648 civitatum

45 667 184 734 legati
217 669 410 717 aderant
436 706 449 728 ‚
498 672 581 718 eis.
607 670 914 735 praesentibus
947 668 1056 717 suos
1090 665 1295 716 restituit
1324 682 1337 714 ε

41 750 314 784 ceterorum
351 755 514 785 curam
557 738 763 803 benigne
799 736 1091 785 tuendorum
1127 733 1186 783 C.
1229 733 1336 782 Fla-

0 853 1 858 *
41 804 190 851 minio
238 803 459 869 quaestori
502 806 729 853 attribuit.
784 803 912 852 Inter
958 805 1058 853 haec
1110 820 1134 851 e
1171 801 1335 867 media

41 870 176 917 turba
209 870 428 920 obsidum
466 872 636 920 mulier
683 889 859 938 magno
894 886 1004 920 natu
1026 909 1039 932 ‚
1082 870 1339 918 Mandonii

41 955 189 998 uxor,
219 941 299 1005 qui
320 938 462 988 frater
493 939 705 987 Indibilis
729 940 988 1005 Ilergetum
1018 939 1169 1005 reguli
1207 952 1307 986 erat
1326 976 1339 994 ,

39 1003 158 1054 flens
180 1008 237 1054 ad
258 1007 406 1072 pedes
428 1009 730 1072 imperatoris
764 1007 1021 1073 procubuit
1038 1042 1052 1064 ‚
1086 1005 1338 1055 obtestari-

39 1089 132 1137 que
155 1077 304 1140 coepit
323 1112 338 1131 ,
369 1089 418 1122 ut
447 1093 607 1123 curam
636 1075 912 1140 cultumque
937 1073 1223 1122 feminarum
1247 1076 1334 1121 im·
1357 1098 1455 1137 Cura
1469 1110 1549 1136 mg?

35 1139 225 1205 penfihs
251 1141 524 1190 custodibus
563 1143 941 1191 commendaret.
977 1140 1149 1206 Quum
1168 1140 1331 1208 Scipio
1354 1159 1503 1200 lictum,

35 1208 150 1256 nihil
186 1208 402 1275 profeffl)
442 1210 717 1258 defuturum·
754 1211 935 1259 diceret
968 1247 983 1270 ‚
1039 1225 1141 1258 turn
1178 1208 1333 1258 rursus

36 1277 240 1336 mulier,
271 1280 424 1326 Haud
448 1280 599 1344 magni
630 1281 710 1344 ista
737 1277 978 1341 fhcimm,
1009 1280 1193 1344 inquit:
1227 1280 1339 1342 quid

37 1345 154 1392 enim
188 1346 293 1393 huic
315 1345 510 1410 fortuna:
541 1365 631 1393 non
662 1346 784 1410 satis
821 1350 875 1409 esi
894 1349 921 1394 ,Ρ
950 1347 1071 1393 Alia
1095 1364 1162 1393 me
1190 1364 1297 1393 cura
1319 1384 1336 1404 ,

36 1427 208 1460 atatem
241 1416 396 1460 harum
425 1415 664 1461 intuentem
695 1412 715 1479 (
741 1432 846 1461 nam
873 1413 971 1479 ipsa
987 1412 1085 1475 jam
1107 1429 1232 1461 exzra
1257 1433 1338 1479 pe-

36 1481 222 1528 riculum
244 1478 415 1544 injuriat
442 1482 670 1530 muliebris
692 1481 1066 1547 sum)stimulat.
1103 1480 1257 1530 AEtate
1285 1482 1337 1530 &c

34 1544 192 1595 forma
221 1547 447 1597 florentes
476 1548 600 1596 circa
629 1564 758 1598 erant
790 1549 1005 1598 Indibilis
1038 1546 1178 1608 filiae,
1208 1549 1338 1597 aliae-

34 1632 128 1681 que
168 1616 416 1665 nobilitate
445 1619 580 1682 pari,
636 1636 740 1684 quae
778 1634 947 1666 omnes
984 1634 1089 1665 eam
1126 1635 1214 1682 pro
1247 1635 1334 1683 pa-

34 1697 170 1732 rente
191 1684 426 1733 colebant.
454 1683 583 1733 Tum
607 1683 797 1751 Scipio,
826 1684 903 1752 (1)
941 1689 1060 1735 Meae
1088 1687 1336 1751 populique

35 1752 170 1800 Rom.
191 1751 441 1817 disciplinae
462 1752 810 1818 causcifhcetem
831 1790 846 1813 ‚
880 1756 1070 1820 inquis,
1105 1772 1159 1802 ne
1192 1756 1330 1817 quid,

35 1820 158 1882 quod
172 1817 374 1883 sanHum
399 1819 584 1885 usquam
610 1820 739 1886 effit,
776 1824 903 1887 apud
936 1841 1019 1870 nos
1048 1822 1295 1870 violaretur
1317 1841 1331 1870 :²

32 1904 181 1943 nunc,
224 1902 273 1935 ut
298 1889 348 1935 id
379 1905 520 1936 curem
557 1889 795 1955 impmfiks
820 1927 832 1945 ‚
860 1891 997 1954 vestra
1030 1905 1204 1954 quoque
1233 1892 1332 1937 vir-2

32 1969 107 2001 tus
137 1954 415 2020 dignitasque
439 1954 563 2020 fhcit
599 1974 613 2004 .·
662 1975 756 2022 quae
798 1976 852 2006 ne
891 1959 940 2005 in
979 1960 1112 2005 malis
1148 1959 1325 2022 quidem

35 2022 179 2068 ohlitae
210 2025 376 2070 decoris
413 2025 681 2073 matronalis
722 2026 837 2091 estis.
880 2023 1112 2089 Spefiiatae
1152 2025 1326 2074 deinde

33 2089 313 2154 integritatis
333 2090 438 2138 viro
458 2092 651 2140 tradidit
675 2109 751 2141 eas
768 2129 782 2150 ‚
806 2095 1024 2158 tuerique
1049 2093 1173 2140 haud
1192 2092 1325 2141 secus

32 2157 303 2205 verecunde
339 2175 390 2205 ac
426 2158 641 2209 modeste
664 2197 679 2222 ,
714 2159 857 2228 quam
884 2159 1124 2227 hospitum
1156 2159 1327 2227 conjue

33 2239 117 2290 ges
145 2241 197 2272 ac
226 2239 433 2285 matre5‚
468 2225 607 2292 juffit.

97 2373 113 2400 1
151 2359 252 2399 Meae
281 2362 489 2416 populique
521 2364 640 2406 Rom.
705 2365 879 2416 deceat,
901 2380 969 2407 me
990 2367 1227 2419 impelleret
1266 2366 1314 2407 ad

27 2419 280 2475 disciplinae]
323 2424 406 2464 Vel
441 2425 523 2464 sola
541 2439 641 2466 ‘cura
704 2428 926 2467 cavendum
948 2442 997 2467 ne
1030 2428 1123 2482 quid
1147 2428 1326 2466 violare-

25 2483 186 2523 tuendae
230 2483 269 2521 in
323 2487 507 2525 exercitu
547 2501 639 2528 meo
704 2497 770 2528 tur
787 2489 890 2540 apud
908 2504 981 2528 nos
999 2520 1008 2536 ‚
1033 2488 1139 2542 quod
1161 2487 1324 2541 usquam

26 2542 226 2597 ejusmodi
260 2544 479 2598 disciplinae
500 2579 510 2597 ,
552 2563 639 2601 quae
704 2551 884 2604 gentium
901 2550 1073 2588 sanetum
1092 2549 1324 2594 &inviola-

27 2604 71 2646 ὅ(
108 2619 172 2646 me
202 2606 242 2648 ὃ(
272 2610 469 2663 populum
513 2609 636 2654 Rom.
703 2622 786 2651 tuin
804 2611 1018 2655 habeatur,
