1649 3104
298 125 653 181 LIBER
738 126 1066 185 XXVII.
1225 145 1335 205 147

40 222 274 287 patiorem
304 216 472 271 ceteris
500 220 744 287 injecisset.
778 222 894 271 Non
933 238 1097 271 tamen
1131 224 1336 275 omisere
1362 224 1550 290 (lq-544.

40 305 247 354 pugnam
293 290 460 339 deserti
493 291 550 339 ab
587 289 793 339 Etruscis
830 290 1132 355 Fregellani,
1177 292 1336 342 donec
1361 282 1555 325 ‘hb-²03·

39 358 207 421 integri
260 357 479 408 consules
524 359 761 408 hortando
792 396 808 419 ‚
861 357 1045 425 ipfique
1097 375 1157 406 ex
1202 376 1337 424 parte

35 424 292 491 pugnando
323 443 426 474 rem
461 426 765 476 sustinebant.
806 424 901 474 Sed
940 424 1194 492 postquam
1223 428 1335 476 vul-

35 506 224 540 neratos
257 495 401 543 ambo
425 495 669 554 consules,
699 494 985 543 Marcellum
1011 497 1154 542 etiam
1181 494 1330 542 trans·
1377 515 1549 561 Marce(-

35 556 182 608 fixum
224 562 390 611 lancea
425 564 761 628 prolabentem
804 580 863 610 ex
904 579 1033 628 equo
1078 563 1328 611 moribun-
1347 577 1407 617 lus
1443 588 1548 622 occi-

35 627 149 676 dum
180 629 382 691 videre,
415 646 518 679 tum
553 633 605 681 ὃς
635 630 721 697 ipsi
761 629 1022 696 (perpauci
1056 646 1216 680 autem
1255 630 1329 679 su-
1348 641 1464 682 ditur,

33 699 295 764 pererant)
332 717 441 747 cum
480 697 702 765 Crispino
741 697 936 746 consule
977 698 1165 747 duobus
1203 697 1326 762 jacu-
1350 702 1545 756 Crispinus

29 763 83 812 lis
113 763 242 824 icto,
272 768 326 816 &
358 766 595 816 Marcello
624 765 954 824 adolescente,
988 765 1146 815 saucio
1178 769 1230 817 &
1258 769 1326 834 ip·
1346 763 1533 805 vulnera..

30 828 131 890 so,‘
158 831 437 901 effugerunt.
485 834 766 884 Interfe&us
813 836 873 884 A.
923 834 1133 882 Manlius
1177 836 1328 883 tribu-
1349 838 1412 865 tus
1442 830 1543 886 ugit,

29 919 117 951 nus
167 905 408 966 militum,
454 904 507 954 &
541 920 600 952 ex
640 903 829 952 duobus
865 901 1096 967 praefectis
1145 900 1331 954 socifim

27 969 219 1020 Manius
232 971 404 1020 Aulius
420 970 602 1021 occisus
621 1010 634 1029 ‚
652 971 704 1019 L.
721 970 962 1019 Arennius
982 986 1148 1036 captus
1168 990 1178 1022 ε
1202 972 1255 1022 &
1271 973 1333 1020 li-

26 1037 179 1088 &ores
222 1040 470 1088 consulum
513 1041 724 1106 quinque
760 1040 862 1086 vivi
907 1040 955 1085 in
994 1037 1201 1087 hostium
1241 1058 1333 1106 po-

25 1105 246 1157 testatem
281 1123 554 1172 venerunt73
600 1107 751 1156 ceteri
798 1121 879 1154 aut
924 1106 1192 1167 interfeffli,
1246 1124 1330 1158 aut

23 1192 138 1224 cum
162 1176 353 1225 consule
375 1174 643 1242 effugerunt
666 1192 676 1223 :
704 1176 888 1242 equites
908 1189 1004 1223 tres
1038 1176 1090 1224 ὅ(
1123 1176 1328 1241 quadra·

23 1244 153 1310 ginta
177 1282 190 1304 ‚
220 1259 299 1292 aut
334 1246 384 1292 in
423 1244 630 1309 proelio,
669 1257 749 1292 aut
781 1244 828 1290 in
862 1242 972 1309 fuga
1006 1244 1323 1305 ceciderunt3

24 1312 359 1378 duodeviginti
397 1314 501 1361 vivi
550 1313 689 1377 capti.
735 1310 1102 1359 Tumultuatum
1163 1313 1217 1361 &
1272 1313 1322 1361 in

22 1378 183 1428 castris
233 1380 420 1440 fuerat,
468 1394 520 1429 ut
573 1378 843 1428 consulibus
892 1380 1015 1427 irent
1071 1378 1320 1439 subfidio;

21 1464 170 1513 quum
203 1448 450 1498 consulem
482 1449 536 1498 δε
569 1447 721 1496 filium
754 1447 946 1495 alterius
980 1445 1186 1495 consulis
1220 1446 1322 1495 sau-

19 1517 122 1565 cios
251 1515 509 1584 :riguasque
561 1515 766 1564 infelicis
828 1515 1151 1580 expeditionis
1206 1516 1320 1562 reli-

17 1586 176 1651 quias,
213 1585 274 1632 ad
301 1583 448 1634 castra
487 1586 737 1632 venientes
771 1597 980 1631 cernunt.
1019 1582 1157 1632 Mors
1187 1582 1320 1630 Mar-

17 1651 126 1700 celli
157 1669 304 1718 quum
348 1652 529 1717 alioqui
567 1651 839 1701 miserabilis
879 1650 997 1711 fuit,
1038 1665 1140 1699 tum
1178 1652 1313 1716 quod

18 1736 108 1768 nec
140 1738 228 1786 pro
257 1735 392 1769 aetate
421 1718 612 1786 (major
643 1718 739 1784 jam
773 1720 899 1767 enim
943 1718 1183 1785 sexaginta
1214 1721 1312 1767 '‘an-

16 1789 88 1836 nis
124 1787 260 1855 erat)
303 1805 461 1854 neque
496 1806 584 1854 pro
627 1789 807 1836 veteris
852 1788 1107 1853 prudentia
1139 1787 1273 1836 ducis
1298 1824 1314 1847 ‚

14 1870 114 1905 tarn
145 1857 419 1922 improvide
450 1855 495 1904 se
515 1894 529 1916 ‚
563 1857 896 1923 collegamque
918 1893 929 1911 ‚
967 1857 1021 1905 &
1053 1873 1207 1920 prope
1239 1871 1312 1905 to-

13 1937 109 1972 tam
146 1924 490 1990 rempublicam
529 1926 576 1972 in
616 1941 828 1990 praeceps
865 1923 1078 1972 dederat.
1119 1922 1310 1972 Multos

13 1993 137 2040 circa
163 2010 307 2040 unam
347 2010 450 2041 rem
492 1992 696 2041 ambitus
731 1991 932 2040 fecerim
954 2029 970 2052 ‚
1005 1990 1039 2040 fi
1060 2030 1071 2048 ,
1106 2009 1213 2057 quae
1244 1992 1308 2041 de

12 2059 232 2108 Marcelli
267 2075 420 2109 morte
460 2064 646 2108 variant
679 2059 927 2117 auctores,
966 2062 1126 2109 omnia
1163 2059 1305 2109 exse-

10 2129 93 2194 qui
125 2128 286 2176 velim.
311 2129 379 2176 Ut
402 2130 616 2176 omittam
637 2127 752 2177 alios
769 2166 784 2189 ‚
810 2128 864 2177 L.
887 2127 1075 2177 Coelius
1105 2126 1186 2194 (3)
1209 2130 1303 2177 tri-

6 2195 183 2262 plicem
214 2198 280 2244 rei
313 2195 454 2263 gestae
485 2197 706 2246 ordinem
735 2195 867 2246 edit:
900 2214 1044 2245 unam
1075 2197 1301 2247 traditam

66 2381 88 2423 3
111 2367 314 2422 Triplicem
326 2369 494 2425 reigestae
509 2369 615 2408 ordi·
678 2368 815 2410 bentis
838 2369 1101 2412 obversatum
1120 2370 1200 2412 effe
1222 2385 1298 2412 no·

7 2443 88 2470 nem
119 2433 198 2471 edit
217 2462 228 2481 ,
256 2446 369 2470 unam
392 2434 578 2471 traditam
597 2433 613 2485 ]
677 2445 769 2471 men
787 2432 968 2474 feminini
987 2436 1147 2489 generis
1164 2466 1174 2483 ,
1195 2436 1296 2487 puta

8 2491 104 2532 Haec
130 2493 238 2532 inter
266 2493 307 2532 se
341 2508 493 2549 genere
532 2507 616 2532 non
669 2493 806 2547 seriem
834 2526 847 2543 ‚
881 2500 1142 2536 narrationem
1175 2510 1187 2536 .·
1225 2504 1296 2536 aut

9 2556 257 2594 conveniunt
282 2587 295 2602 ‚
327 2565 372 2596 ut
410 2556 615 2602 debeant,
679 2570 805 2597 voces
837 2572 951 2596 unam
971 2590 981 2608 ,
1009 2559 1197 2609 alteram,
1220 2569 1295 2597 ter-

8 2615 76 2654 nist
123 2616 230 2656 forte
266 2618 478 2658 dicendum
530 2617 584 2657 est
605 2649 615 2669 ‚
643 2619 648 2625 ’
680 2621 776 2657 tiam
790 2619 1297 2673 referrinonadordinem‚

10 2689 84 2729 pro
120 2680 287 2719 ordinem
303 2710 314 2731 ,
344 2680 477 2722 animo
517 2679 615 2721 scri·
681 2680 750 2720 sed
771 2681 818 2721 ad
837 2694 962 2721 voces
979 2683 1032 2720 rei
1049 2681 1172 2736 gesta..

981 2738 1094 2806 C-iJ

1557 814 1573 843 Χ
